3450 5242
903 337 943 400 14

309 521 745 603 11Μ11.6111.Ι,1,24.
780 521 882 588 Μ111.
904 522 972 602 ΠΙ,
996 528 1030 602 1,
1053 527 1123 588 146.
1162 521 1232 602 ΠΙ,
1253 526 1287 602 2,
1309 526 1338 588 2.
1372 519 1430 602 IV,
1453 525 1487 601 3,
1508 525 1538 588 9.

307 634 408 720 Epid.
423 633 488 715 ΠΙ,
509 639 539 713 4,
557 639 607 700 17.
641 633 715 699 Ter.
732 633 840 698 Andr.
857 634 884 713 Ι,
904 640 931 714 l,
949 637 992 700 90
1006 651 1086 719 sqq:

665 781 742 842 forte
763 799 868 844 orrum
889 784 999 858 aspicio
1021 784 1280 858 adulescentulam,

533 885 664 945 Forma.
682 928 689 943 .
712 885 795 944 Bona
815 883 941 945 fortasse
957 931 964 944 .
981 930 988 944 .
1005 876 1054 945 ‘Et
1075 888 1170 960 voltu,
1194 887 1287 960 Sosia,

619 988 702 1047 Adeo
724 988 870 1062 modesto,
894 988 968 1047 adeo
989 994 1129 1062 venusto,
1152 995 1186 1048 nt
1206 990 1249 1048 nil
1271 979 1369 1064 su'pra.

392 1130 451 1196 Ad
478 1149 578 1215 quem
610 1129 725 1194 locum
751 1129 908 1195 Donatus
936 1129 1021 1194 haec
1048 1130 1168 1195 habet:
1203 1150 1267 1211 „cx
1294 1128 1537 1196 consuetudine

307 1241 392 1306 dicit
412 1261 530 1322 uuam,
557 1244 597 1306 ut
622 1240 770 1305 dicimus
797 1231 887 1306 umus
912 1245 958 1306 est
982 1241 1178 1324 adulescens·
1202 1240 1286 1306 tolle
1307 1262 1411 1307 ccccm
1433 1239 1537 1304 etita

306 1351 378 1434 fiet,
412 1355 450 1417 ut
482 1351 597 1418 sensui
629 1351 719 1416 nihil
745 1351 847 1416 desit:
882 1351 942 1417 sed
969 1352 1177 1418 consuetudo
1199 1352 1358 1418 mirantis
1380 1365 1450 1416 non
1472 1350 1538 1415 erit

307 1481 476 1548 expressa.
529 1462 636 1528 Unum
664 1481 745 1547 ergo
773 1463 818 1548 τῷ
840 1459 1015 1549 ἰδιωτισμῷ
1038 1462 1140 1544 dixit,
1169 1463 1225 1528 vel
1246 1484 1350 1530 coam
1371 1481 1434 1548 pro
1456 1482 1537 1544 pccc-

306 1574 411 1639 dcm“.
447 1573 561 1640 Simili
575 1574 691 1655 modo,
715 1573 832 1639 sedin
855 1573 983 1638 malam
998 1578 1131 1659 partem
1153 1578 1297 1662 usurpat
1318 1573 1423 1640 semel
1445 1572 1537 1638 idom

304 1684 447 1750 verbum
470 1684 625 1752 Catullus
648 1689 699 1766 22,
723 1689 742 1752 9
766 1704 855 1770 sqq.:
1060 1685 1063 1689 ’

552 1836 634 1896 Haec
656 1853 723 1894 cum
743 1836 823 1910 legas
845 1841 893 1908 tu,
915 1835 1008 1894 bellus
1029 1836 1079 1894 ille
1102 1841 1132 1894 et
1153 1835 1283 1895 urbanus

552 1937 685 1998 Suffenus
707 1957 786 1998 unus
809 1938 1005 2012 caprimulgus
1026 1944 1079 1997 aut
1099 1937 1196 1997 fossor

551 2043 666 2100 Rursus
688 2040 815 2100 videtur.

305 2203 372 2269 qno
397 2183 473 2248 loco
499 2182 572 2248 11111
598 2187 629 2248 11
652 2181 777 2248 arbom
803 2182 956 2268 graviter
981 2160 1071 2249 caus
1097 2182 1313 2266 ccpaimolpus
1339 2184 1532 2269 opponitur.

304 2295 410 2379 Apud
432 2294 615 2378 scriptores
630 2293 762 2358 solutae
780 2293 948 2360 orationis
968 2294 1111 2359 eundem
1133 2313 1234 2359 usum
1255 2293 1409 2360 invenies
1425 2292 1531 2360 Cicer.

305 2405 348 2470 de
371 2405 465 2471 Orat.
488 2405 515 2485 I,
533 2409 583 2484 29,
602 2407 677 2483 1323
700 2403 797 2470 Tusc.
821 2403 919 2490 Disp.
942 2405 970 2484 I,
996 2408 1045 2486 12,
1068 2408 1119 2483 27;
1146 2405 1221 2468 Liv.
1244 2403 1321 2484 VII,
1345 2407 1397 2480 34,
1420 2407 1450 2486 3,
1472 2403 1534 2470 ubi

304 2517 345 2584 cf.
370 2537 410 2581 ca
429 2534 516 2602 quae
538 2514 842 2581 Drakenborchius
866 2515 990 2580 attulit.

390 2627 523 2710 Quibus
546 2625 710 2711 expositis
732 2626 812 2692 licet
834 2627 1001 2712 epistulae
1022 2626 1192 2718 originem
1224 2626 1433 2693 sciscitando
1458 2627 1533 2692 lon-

304 2741 381 2826 gius
413 2740 580 2827 porscqui.
626 2738 693 2806 Sed
726 2759 803 2804 cum
830 2739 889 2804 via
919 2738 1056 2803 lubrica
1082 2739 1137 2820 sit,
1171 2739 1360 2804 cavendum
1393 2738 1533 2805 omnino

304 2856 364 2933 est,
387 2872 430 2917 ne
458 2854 660 2936 argumenta
692 2854 860 2937 petantur,
894 2851 984 2915 unde
1015 2850 1112 2915 nulla
1138 2851 1209 2935 peti
1241 2853 1394 2935 possunt.
1441 2850 1533 2933 Qua-

301 2967 441 3050 propter
464 2963 656 3028 accuratius
679 2961 839 3028 debemns
863 2961 1074 3042 examinare,
1103 2961 1185 3046 quid
1207 2961 1346 3026 valeant
1366 2962 1533 3048 polleant-

303 3093 367 3159 qus
401 3076 611 3158 argumenta,
647 3092 734 3158 quae
756 3071 1018 3157 Comparettius,
1052 3074 1091 3137 ut
1113 3072 1296 3158 epistulam
1329 3071 1531 3153 defenderet,

216 3223 218 3227 ·
303 3205 344 3250 ox
365 3185 513 3250 Ausonii
539 3183 678 3270 scriptis
705 3184 811 3249 duxit.
856 3185 897 3248 In
921 3183 1071 3248 carmine
1098 3183 1235 3268 quidem
1259 3182 1414 3268 „Cupido
1440 3184 1533 3249 cruci

303 3295 447 3360 11111111α
463 3295 482 3378 Ι)
506 3295 681 3381 inscripto,
716 3295 807 3380 quod
828 3294 889 3359 ille
914 3298 1016 3381 poeta
1045 3294 1197 3379 imagine
1219 3295 1369 3379 quadam
1390 3296 1532 3362 Amoris

301 3407 339 3472 in
360 3404 512 3472 triclinio
534 3405 635 3471 Aeoli
657 3405 813 3470 Treveris
835 3405 912 3470 visa
932 3405 1095 3470 incitatus
1118 3406 1318 3490 composuit
1352 3406 1469 3491 agitur
1491 3408 1532 3473 de

301 3517 438 3583 feminis
460 3515 633 3582 nobilibus
662 3515 717 3580 vel
739 3516 944 3597 Heroidchos,
979 3535 1065 3602 quae
1094 3516 1222 3582 amoris
1251 3517 1332 3601 igne
1360 3516 1533 3603 perierunt

302 3629 392 3694 etin
414 3627 545 3713 campis
566 3626 775 3711 lugentibus,
798 3647 884 3713 quos
906 3627 1053 3712 Vergilii
1075 3647 1175 3692 musa
1195 3629 1279 3693 Aen.
1296 3627 1354 3709 VI,
1371 3633 1432 3695 441
1457 3648 1530 3714 sqq.

302 3739 438 3820 cecinit,
481 3740 744 3804 commorantur.
808 3722 1039 3824 Depromptae
1082 3741 1162 3802 sunt
1198 3759 1240 3802 ex
1275 3738 1419 3805 Marone
1454 3740 1531 3825 ipso

299 3851 469 3932 Phaedra,
497 3848 648 3930 Procris,
682 3849 860 3935 Enyphile,
897 3849 1084 3934 Pasiphae,
1111 3849 1316 3926 Laodamia,
1348 3849 1472 3916 Caenis
1500 3852 1532 3915 et

300 3962 429 4042 Elissa,
460 3961 583 4046 quibus
606 3961 648 4026 de
669 3979 731 4026 suo
754 3961 889 4026 addidit
910 3963 1011 4046 poeta
1033 3948 1201 4040 Semelen,
1234 3960 1342 4041 Hero,
1377 3961 1531 4047 Sappho,

300 4072 477 4137 Ariadnen
512 4076 545 4136 et
578 4070 673 4136 alias.
730 4071 782 4135 De
816 4070 999 4156 Sapphone
1032 4075 1144 4136 autem
1185 4071 1270 4136 haec
1307 4071 1468 4157 leguntur
1498 4092 1530 4136 v.

301 4187 342 4249 24
364 4202 420 4268 sq:

302 4347 506 4358 ..----.—.

395 4423 416 4487 ¹)
435 4418 469 4475 In
488 4419 609 4475 editione
626 4420 777 4475 novissima
794 4419 935 4475 Schenklii
952 4437 978 4490 p.
991 4422 1049 4475 121.
