3450 5242
793 360 812 422 9

190 549 343 612 auctores
366 545 716 631 antiquiora.tantum
739 542 961 626 anthologica
982 542 1089 607 secuti
1104 541 1182 622 sint,
1206 560 1252 605 an
1265 541 1419 625 integros

189 676 322 742 quoque
359 657 562 722 Latinorum
600 654 806 739 scriptorum
842 653 951 718 libros
989 653 1034 717 ad
1069 671 1192 718 manus
1228 651 1419 717 habuerint.

187 768 340 853 Utraque
362 768 451 832 enim
475 766 644 832 sententia
665 785 765 851 pares
789 764 911 829 habuit
932 764 1135 830 defensores.
1145 765 1167 847 ¹)
1196 764 1251 829 Ex
1263 761 1421 828 frustulis

186 882 302 944 tamen
325 898 430 964 supra
451 877 602 942 laudatis
624 875 725 941 facile
747 875 905 941 concludi
927 878 1040 960 potest
1061 875 1187 940 librum
1207 873 1421 958 manuscrip-

187 993 262 1054 tum
284 990 368 1055 olim
390 988 506 1068 fuisse,
530 987 589 1071 qni
612 985 771 1072 Sapphus
794 985 978 1072 epistulam
999 987 1185 1052 memoriae
1198 985 1361 1052 traditam
1383 984 1421 1048 in

187 1099 380 1167 Heroidum
412 1117 555 1163 numero
589 1097 745 1183 quintam
768 1097 938 1162 decimam
970 1097 1158 1162 contineret
1186 1097 1310 1182 quique
1332 1094 1421 1160 anti·

190 1211 349 1296 quissimi
383 1209 587 1294 exemplaris
609 1208 759 1273 Parisini
787 1208 837 1292 (P)
861 1211 973 1273 aetate
1004 1210 1095 1274 certe
1128 1208 1222 1272 haud
1254 1205 1422 1272 recentior

191 1324 288 1388 esset.
315 1320 400 1388 Cum
416 1323 567 1385 autema
588 1319 724 1384 nemine
746 1319 951 1384 concedatur
972 1319 1087 1384 media
1101 1321 1212 1384 aetate
1226 1318 1422 1403 quempiam

191 1432 272 1497 huic
305 1431 401 1517 operi
433 1430 668 1516 componendo
699 1449 817 1514 parem
849 1428 994 1512 fnisse,²)
1028 1448 1146 1494 necess
1178 1429 1293 1494 estid
1315 1428 1359 1492 ad
1381 1447 1422 1492 ea

188 1547 344 1628 tempora
375 1542 573 1622 referamne,
609 1541 733 1625 quibus
764 1540 828 1606 illa
860 1540 1010 1606 Nasonis
1042 1521 1125 1605 vera
1150 1576 1192 1587 —
1219 1539 1250 1605 si
1282 1538 1421 1624 quidem

187 1673 274 1740 quae
296 1673 387 1718 nuno
408 1653 536 1738 legitur
559 1652 752 1717 adulterina
774 1655 825 1717 est
847 1689 888 1698 —
911 1650 1059 1736 epistula
1080 1652 1150 1716 iam
1172 1650 1337 1731 exstabat,
1362 1652 1422 1715 ant

188 1768 278 1830 certe
300 1784 387 1851 quae
408 1764 464 1830 his
476 1763 644 1849 ¹proxima
666 1767 771 1828 erant.
809 1763 856 1828 Et
877 1762 1050 1835 exstitisse
1071 1766 1224 1829 nostram
1239 1763 1420 1848 epistulam

189 1875 226 1940 in
248 1875 326 1960 ipsa
348 1874 552 1960 antiquitate
574 1872 794 1959 expluribus
817 1873 975 1958 vestigiis
1008 1873 1280 1939 animadvertere
1301 1893 1422 1960 possu-

188 2005 276 2066 mus,
300 1985 488 2071 dequibus
510 1985 601 2050 infra
624 1985 817 2050 accuratius
840 1985 1019 2050 disseram.

203 2125 204 2131 ¹
272 2106 371 2170 Nunc
392 2107 613 2183 revertamur,
637 2124 774 2190 quaeso,
799 2105 844 2169 ad
865 2123 985 2170 versus
1009 2109 1050 2172 33
1059 2109 1150 2172 --342

343 2237 412 2297 Sum
434 2237 540 2310 brevis,
564 2242 596 2296 11
617 2254 730 2309 nomen,
755 2237 832 2311 quod
853 2242 949 2296 terras
972 2237 1092 2311 impleat
1113 2255 1222 2311 111111,

427 2341 484 2399 Est
505 2340 590 2399 mihi:
613 2356 779 2399 mensuram
800 2340 927 2399 nominis
948 2341 1013 2413 ipsa
1034 2338 1107 2399 lero.

189 2492 334 2558 quorum
367 2472 443 2539 loco
477 2493 595 2539 ornnes
628 2473 762 2539 codices
795 2475 931 2558 praeter
967 2472 1277 2538 Francofurtanum
1311 2476 1344 2538 et
1366 2494 1422 2538 ex·

189 2587 307 2670 cerpta
329 2604 434 2672 supra
455 2584 597 2650 laudata
619 2584 685 2650 hoc
708 2584 870 2649 exhibent
893 2583 1081 2649 distichon:

394 2727 458 2786 Nec
479 2744 526 2786 me
550 2726 703 2800 despicias,
728 2726 753 2784 si
776 2742 841 2784 sum
863 2725 919 2783 tihi
941 2741 1061 2798 corpore
1083 2741 1174 2798 parva

479 2829 706 2901 Mensuramque
728 2826 826 2886 brevis
848 2827 974 2886 nominis
996 2828 1061 2902 ipsa
1082 2825 1155 2885 fero.

190 2956 259 3022 nisi
274 2958 365 3042 quod
380 2958 568 3024 Harleiano
584 2959 715 3039 cecide,
736 2959 795 3046 qui
809 2960 1081 3025 Francotbrtano
1097 2962 1236 3045 excepto
1251 2960 1422 3046 antiquio-

190 3087 264 3131 rem
279 3068 383 3132 habet
398 3069 636 3133 auctoritatem
644 3069 684 3154 ³),
707 3074 890 3155 utrumque
905 3070 1077 3136 distichon
1091 3071 1141 3136 ita
1156 3070 1361 3152 continetur,
1383 3076 1423 3137 ut

190 3176 257 3242 hoc
278 3176 332 3243 illi
354 3179 537 3264 praecedat
560 3183 594 3244 et
618 3199 682 3264 pro
703 3202 775 3246 aum
797 3180 979 3248 lectionem
1000 3182 1062 3248 sim
1086 3182 1257 3268 praebeat.
1296 3183 1419 3249 Totum

190 3335 395 3346 ια’-..-

277 3409 299 3477 ¹)
317 3408 348 3464 0.
366 3408 495 3464 Richter:
522 3409 567 3464 De
587 3409 727 3464 Vincentii
743 3411 933 3466 Bellovacens.
956 3415 1074 3480 excerpt
1093 3366 1327 3466 ribulusonnae
1344 3413 1420 3468 1865.

194 3493 272 3550 1111.
289 3493 422 3549 Protzen:
445 3495 489 3549 De
507 3494 645 3564 excerptis
665 3495 766 3550 Tibull.
785 3495 991 3564 Gryphiswald.
1010 3497 1083 3551 1869.
1103 3495 1136 3550 cf.
1155 3501 1184 3552 11
1202 3496 1235 3552 G.
1247 3497 1373 3552 licincke
1390 3498 1421 3552 11

192 3576 265 3631 Idus.
282 3578 371 3633 Rhen.
390 3580 465 3634 1870.
483 3597 510 3648 p.
522 3580 583 3634 372.

276 3670 297 3733 ²)
315 3669 404 3740 Quam
425 3689 522 3741 parum
543 3678 611 3728 nota
638 3689 669 3728 eo
691 3678 814 3744 tempore
837 3675 925 3729 fuerit
942 3674 1050 3744 poetria
1066 3675 1170 3730 Lesbia
1187 3681 1302 3744 apparet
1319 3692 1354 3731 ex
1369 3676 1421 3731 hoc

190 3760 339 3810 commento
357 3757 392 3811 ad
408 3758 509 3812 Horat.
528 3758 616 3814 darm
636 3758 676 3828 11,
695 3761 738 3829 13,
755 3760 802 3814 25:
834 3761 944 3824 ,Paene
960 3759 1017 3814 fuit
1034 3765 1067 3815 nt
1083 3759 1205 3816 viderem
1222 3761 1345 3829 Sappho,
1362 3777 1420 3816 mu·

189 3837 284 3893 lierem
300 3847 406 3909 poetae,
426 3848 587 3909 querentem
604 3845 637 3898 de
655 3845 833 3914 popularibus
851 3845 961 3914 puellis.
986 3844 1095 3914 Sappho
1107 3845 1213 3915 mulier,
1231 3845 1308 3900 cuius
1320 3862 1420 3901 nomen

188 3921 382 3980 indeclinabile
400 3932 452 3980 est.
488 3928 589 3983 Mulier
606 3944 706 3998 graeca
725 3929 781 3984 fnit
798 3931 890 3998 perita
907 3930 1075 4000 tragoediae,
1094 3930 1171 3984 cuius
1189 3930 1314 3985 imitator
1330 3931 1420 3985 Hora·

187 4006 246 4062 tius
264 4008 332 4077 fuit,
358 4027 429 4079 qnae
452 4012 554 4067 dicitur
575 4014 713 4081 querelari
736 4015 809 4084 apud
832 4015 935 4070 inferos
958 4016 992 4070 de
1018 4014 1119 4084 puellis
1141 4015 1247 4069 civibus
1274 4015 1344 4083 suis,
1371 4032 1420 4070 cur

188 4093 305 4148 eundem
323 4110 436 4162 puerum
453 4113 509 4152 non
526 4103 673 4168 amassent,
692 4115 772 4167 quem
789 4100 851 4169 ipsa
868 4100 1029 4170 diligebat.‘.‘
1066 4099 1209 4170 Suringar.
1226 4100 1335 4155 Hister.
1357 4099 1419 4156 crit.

187 4177 329 4234 scholiaet.
346 4181 440 4235 Latin.
459 4183 514 4250 HI.
532 4200 560 4251 p.
575 4186 634 4240 137.
652 4213 688 4224 -·
704 4184 738 4239 cf.
757 4186 790 4240 L.
807 4186 910 4240 Miller
927 4186 962 4240 de
979 4201 1010 4240 re
1026 4202 1062 4240 m.
1080 4202 1106 4254 p.
1118 4185 1160 4239 49.

273 4273 294 4340 ³)
315 4273 476 4343 Sedlmayer
501 4277 532 4331 in
553 4277 655 4333 noviss.
673 4278 788 4334 Heroid.
812 4279 934 4334 editione
955 4279 994 4348 (p.
1007 4279 1077 4344 XV)
1100 4279 1204 4333 addicit
1225 4279 1297 4334 hunc
1317 4279 1418 4334 librum

186 4373 257 4497 :aglo
268 4357 477 4514 ἐξὲξ-ἓν,
495 4362 680 4419 Baehrensius
698 4369 792 4419 antem
810 4380 881 4420 saec.
891 4365 948 4422 XV
965 4364 995 4420 in
1006 4364 1121 4420 Riviata
1138 4364 1167 4418 di
1183 4363 1314 4434 filologia.
1332 4363 1418 4421 XIII.
