3450 5242
898 332 918 395 8

295 499 480 584 tellegitur‚
504 519 608 585 quam
630 499 730 565 facile
752 498 827 564 fieri
850 498 1007 584 potuerit,
1041 500 1080 562 ut
1101 495 1260 583 Sapphus
1289 496 1435 582 epistula
1456 497 1527 562 iac-

296 613 375 676 tura
397 610 528 696 aliquot
560 610 721 677 foliorum
749 610 818 675 iam
842 613 975 674 mature
1002 629 1023 674 a
1044 609 1187 693 reliquis
1209 607 1460 693 disiungeretur
1482 610 1524 688 et,

250 711 252 720 ¹
296 725 473 806 tamquam
506 742 592 808 quae
625 742 724 788 suum
756 721 865 787 larem
892 739 961 786 non
987 720 1169 801 inveniret,
1197 723 1256 784 aut
1283 719 1382 785 initio
1410 718 1526 784 autin

297 832 390 898 ealce
412 832 635 918 epistularum
658 831 811 898 omnium
834 834 894 897 aut
915 850 992 897 curn
1006 830 1114 897 variis
1130 831 1304 895 variorum
1319 829 1526 915 scriptorum

297 943 457 1028 operibus
478 943 644 1029 peculiari
676 942 777 1008 titulo
804 942 998 1026 inscripta')
1033 941 1077 1006 ad
1099 945 1253 1006 nostram
1280 934 1425 1006 aetatem
1451 956 1527 1026 per-

297 1055 436 1119 veniret.
480 1055 570 1120 Nam
603 1053 762 1139 vestigia,
796 1073 883 1138 quae
914 1053 951 1118 in
985 1052 1153 1137 excerptis
1184 1051 1256 1118 illis
1278 1051 1445 1118 Parisinis
1471 1071 1526 1116 ex-

298 1168 400 1246 stant,
424 1166 608 1231 ostendunt
631 1165 822 1251 epistulam,
847 1183 949 1249 quani
965 1183 1055 1228 nunc
1069 1163 1273 1243 lectitamus
1296 1162 1437 1228 eandem
1453 1181 1526 1228 esse

296 1281 397 1361 atque
419 1296 504 1357 eam,
528 1297 614 1361 quae
637 1277 719 1342 olim
741 1275 873 1340 Nasoni
895 1275 1001 1339 tribui
1023 1272 1164 1340 solebat.

384 1387 486 1468 Quod
508 1388 553 1452 ad
575 1390 811 1472 excerptorum
842 1385 971 1452 fontem
1004 1386 1160 1471 pertinet,
1194 1385 1348 1470 quaestio
1374 1382 1528 1449 difficilis

297 1500 349 1562 est
370 1517 478 1584 neque
500 1498 556 1564 hic
579 1498 713 1564 absolvi
734 1501 856 1583 potest,
879 1500 994 1562 utrmn
1009 1496 1209 1562 Vincentius
1232 1499 1265 1562 et
1286 1495 1390 1561 ceteri
1412 1513 1528 1560 eorum

298 1686 401 1755 primus
420 1691 562 1753 quattuor,
590 1686 724 1740 secundus
743 1702 803 1752 sex,
825 1685 929 1739 tertius
946 1684 1068 1752 quinque
1084 1685 1219 1754 epistulas
1237 1685 1390 1753 contineat,
1415 1681 1530 1740 habebis

299 1787 349 1839 per
367 1772 434 1826 duos
451 1787 548 1826 versus
565 1772 668 1825 21-22
685 1770 796 1826 initium
814 1770 894 1839 primi
912 1770 976 1825 libri
993 1770 1145 1838 Penelopes
1168 1776 1197 1824 et
1214 1771 1353 1838 Phyllidis
1374 1769 1529 1824 nominibus

297 1856 460 1921 indicatnm3
479 1857 576 1911 deinde
593 1857 623 1911 in
640 1856 797 1924 insequenti
814 1871 897 1910 versa
914 1854 1077 1924 principium
1094 1855 1158 1911 libri
1175 1856 1288 1910 secundi
1298 1855 1408 1910 Paridis
1419 1854 1529 1910 nomine

299 1947 328 1996 et
353 1942 464 1997 initium
493 1942 557 1997 libri
583 1942 662 1997 tertii
678 1942 819 1996 Macareus
846 1946 876 1995 et
897 1939 1006 1996 leaenis
1027 1941 1189 1995 nominibus
1203 1941 1331 2009 deinceps
1353 1941 1530 2010 designatum

298 2032 359 2081 tum
385 2034 539 2095 sequuntur
555 2027 705 2096 Hippolyti
731 2032 760 2082 et
777 2027 898 2082 Theseos
924 2026 1047 2096 nomina,
1075 2043 1146 2094 quae
1171 2027 1252 2095 primi
1278 2032 1308 2082 et
1330 2026 1443 2082 secundi
1465 2025 1529 2081 libri

299 2112 391 2167 exitus
410 2113 572 2177 enunciant,
598 2112 728 2181 denique,
756 2129 816 2168 cum
833 2111 904 2166 nihil
921 2112 998 2166 aliud
1014 2116 1114 2179 restet,
1139 2129 1220 2180 quam
1237 2111 1350 2167 utfinis
1368 2128 1424 2166 non
1441 2112 1529 2166 solum

300 2198 382 2265 libro,
409 2199 457 2252 sed
483 2198 538 2253 toti
564 2198 648 2253 etiam
674 2198 780 2266 corpori
802 2197 970 2266 imponatur,
998 2195 1106 2266 Sappho
1125 2201 1247 2252 extrema
1269 2197 1392 2265 additur,
1419 2196 1528 2251 Didone

299 2283 508 2350 aequabilitatis
535 2287 563 2337 et
588 2283 701 2338 distichi
726 2283 854 2352 explendi
878 2298 961 2337 causa
977 2282 1151 2351 interposita.
1186 2283 1292 2338 Ternas
1313 2283 1403 2352 igitur
1425 2298 1458 2337 ex
1476 2281 1529 2336 sin-

299 2368 375 2436 gulis
393 2367 471 2422 libris
490 2367 592 2422 electas
610 2368 693 2423 habes
712 2367 855 2436 epistulas.
875 2398 907 2407 -
925 2367 1025 2422 Retuli
1042 2384 1093 2437 ego
1111 2367 1220 2434 quidem
1238 2369 1346 2423 Iasonis
1362 2367 1529 2422 mentionem

300 2455 336 2521 (y.
354 2454 398 2520 23)
418 2470 473 2508 non
490 2453 526 2507 ad
544 2453 692 2521 epistulam
710 2458 827 2519 sextam,
855 2453 900 2507 eni
922 2454 1012 2507 adhuc
1032 2454 1118 2522 vulgo
1141 2453 1309 2522 applicatur,
1336 2454 1385 2508 sed
1407 2454 1442 2507 ad
1465 2454 1529 2508 duo·

300 2538 437 2608 decimam,
456 2539 491 2594 de
508 2538 585 2593 cuius
605 2538 712 2607 origine
728 2539 921 2593 Lachmannus
940 2544 968 2592 at
987 2539 1046 2593 cius
1064 2539 1187 2593 asseclae
1204 2538 1345 2608 dubitant,
1374 2539 1422 2593 sed
1446 2554 1527 2605 quam

299 2623 370 2678 male
385 2627 466 2694 prato
484 2621 582 2692 leqeati
599 2623 700 2691 optime
718 2623 863 2678 convenire
881 2628 1021 2692 agnoscat,
1039 2622 1087 2690 qui
1105 2625 1153 2678 hos
1171 2624 1325 2692 respexerit
1342 2640 1451 2679 versus:

462 2756 465 2761 .
503 2709 547 2763 21.
581 2709 636 2764 Est
654 2707 748 2776 aliqua
764 2707 877 2777 ingrato
893 2707 1024 2762 meritum
1041 2709 1204 2776 exprobrare
1221 2709 1360 2778 voluptas.
1425 2760 1427 2763 .

492 2794 550 2849 124.
585 2783 692 2849 Debuit
707 2793 828 2862 ingratis
846 2793 940 2862 Scylla
957 2810 1053 2848 nocere
1070 2794 1146 2850 viria.

488 2881 547 2934 206.
582 2880 644 2934 Hoc
661 2878 758 2948 ipsum,
777 2879 907 2948 ingratus
925 2880 997 2947 quod
1013 2885 1093 2948 potes
1111 2896 1178 2949 esse,
1197 2897 1287 2936 meum
1304 2885 1356 2936 est.

300 2965 334 3020 cf.
352 2969 382 3019 et
398 2981 443 3021 ry.
461 2965 582 3020 73-88.
616 2965 714 3032 Neque
742 2964 837 3019 Sabini
865 2964 997 3034 epistula,
1025 2981 1107 3032 qnam
1132 2967 1210 3020 velut
1235 2967 1271 3021 ad
1292 2965 1468 3035 Hypsipylen
1493 2966 1528 3020 ab

300 3049 400 3106 Iasone
423 3050 554 3120 scriptam
571 3050 712 3120 significat
730 3051 804 3118 (Am.
823 3049 862 3119 H,
882 3051 922 3118 18,
939 3050 983 3117 33)
1006 3050 1136 3121 Ovidius,
1163 3052 1355 3120 impedimento
1382 3056 1437 3120 cst,
1465 3067 1530 3119 quo-

299 3135 390 3190 minus
408 3136 523 3190 Medeae
541 3134 673 3190 scribenti
689 3134 833 3204 ingratum
850 3134 977 3190 Iasonem
994 3137 1133 3204 legentem
1150 3137 1336 3206 assignemus,
1364 3153 1424 3191 cum
1448 3140 1531 3204 poeta

299 3219 370 3274 nihil
393 3219 470 3274 aliud
492 3235 525 3274 ea
547 3220 751 3275 enumeratione
777 3220 900 3275 voluisse
926 3221 1066 3291 videatur,
1093 3222 1148 3276 nisi
1170 3223 1255 3278 certis
1277 3227 1306 3278 et
1328 3222 1398 3276 scite
1418 3221 1529 3276 selectis

300 3303 454 3360 nominibus
481 3305 621 3374 integrum
638 3305 695 3360 XV
723 3305 906 3373 epistularum
931 3305 1053 3361 indicare
1080 3323 1190 3375 corpus,
1224 3308 1272 3362 ubi
1305 3307 1366 3362 sine
1393 3307 1474 3361 dubio
1502 3313 1531 3361 et

299 3389 470 3458 Hypsipyles
483 3389 604 3458 epistula
616 3391 901 3459 comprehendebatur,
913 3391 958 3445 cui
971 3391 1136 3459 Sabinnsad
1147 3391 1255 3447 lasonis
1268 3393 1356 3448 ricem
1366 3393 1529 3462 respondere

300 3479 419 3543 poterat.
450 3503 485 3514 -
510 3475 584 3529 Num
610 3474 639 3528 in
667 3475 858 3530 enumerandis
886 3476 970 3530 etiam
997 3475 1094 3532 Sabini
1118 3478 1247 3546 epistulis
1276 3483 1379 3532 certam
1407 3478 1528 3545 aliquam

300 3561 435 3615 rationem
452 3565 564 3615 secutus
583 3559 621 3615 sit
638 3565 728 3630 poeta,
748 3560 880 3615 affirmari
896 3561 1006 3628 nequit;
1024 3567 1124 3631 tamen,
1142 3565 1215 3630 quod
1226 3565 1262 3618 ad
1273 3563 1366 3619 Ulixis
1379 3563 1528 3632 epistulam

264 3713 267 3720 .
300 3646 412 3715 attinet,
430 3645 518 3714 primo
536 3646 594 3700 loco
612 3645 642 3700 in
660 3645 756 3701 Sabini
774 3646 954 3716 epistularum
971 3663 1082 3701 numero
1106 3664 1166 3702 eam
1188 3648 1374 3703 adiudicatam
1390 3648 1478 3704 fuisse
1496 3664 1530 3702 ex

300 3732 382 3786 Pont.
401 3731 453 3801 IV,
473 3733 513 3801 16,
533 3733 565 3786 13
576 3747 616 3799 sq.
635 3737 709 3786 certe
727 3731 822 3800 colligi
839 3736 939 3800 potest,
958 3733 1006 3787 ubi
1024 3734 1058 3787 de
1074 3749 1148 3788 more
1170 3733 1258 3803 prima
1271 3738 1322 3803 ‘pro
1339 3739 1401 3789 toto
1418 3749 1529 3801 corpore

300 3817 393 3886 posita
411 3821 461 3871 est.
958 3829 961 3834 ·

389 3901 411 3971 ¹)
428 3903 511 3957 Hanc
536 3902 616 3957 tituli
643 3902 825 3957 condicionem
848 3902 901 3956 sibi
927 3903 1086 3972 explicabit,
1114 3904 1161 3972 qui
1183 3904 1377 3972 inscriptiones
1403 3904 1448 3959 vel
1467 3903 1529 3957 sub·

302 3987 464 4056 scriptiones
493 3988 630 4056 epistulae
656 3987 820 4056 inspexerit,
853 4003 921 4054 quas
953 3989 1057 4044 codices
1084 3990 1219 4045 exhibent
1263 3989 1326 4046 Alii
1352 3990 1424 4045 enim
1449 3990 1529 4043 haec:

303 4072 426 4140 ,Sophos
452 4073 593 4140 poetissae
619 4074 654 4127 ad
671 4073 811 4128 Phaonem
835 4071 958 4128 Siculum
979 4075 1092 4130 libellus
1113 4075 1234 4131 feliciter
1254 4074 1368 4144 iucipit“
1391 4080 1429 4142 (v.
1453 4073 1529 4129 Sedl-

299 4173 400 4226 mayer.
417 4157 503 4213 Proll.
520 4177 546 4228 p.
560 4159 617 4227 17)·,
636 4158 697 4213 alii:
718 4159 857 4227 ,Explicit
875 4159 994 4228 epistola
1011 4159 1117 4226 Saphos
1134 4158 1255 4227 poetisse
1276 4160 1424 4214 mutilene“
1442 4158 1522 4227 (ibid.

240 4312 244 4316 Ι
300 4259 326 4310 p.
340 4243 394 4309 16).
418 4242 555 4298 Nimirum
567 4244 698 4299 librarius
712 4244 821 4311 quidam
837 4243 964 4299 indoctus
981 4259 1064 4299 versu
1074 4245 1103 4298 4:
1124 4244 1194 4313 ,An,
1211 4244 1267 4299 nisi
1279 4245 1397 4314 legisses
1409 4245 1530 4300 auctoris

300 4328 411 4382 nomina
429 4328 570 4397 Sapphus“
594 4329 624 4384 in
647 4329 746 4384 mirum
769 4345 886 4384 errorem
908 4329 1037 4384 inductus
1060 4329 1169 4384 censuit
1187 4329 1335 4398 epistulam
1352 4347 1369 4384 a
1387 4328 1532 4398 Sapphone

300 4413 363 4482 ipsa
380 4412 532 4481 profectam
550 4429 619 4469 esse.
646 4413 681 4469 ef.
699 4415 790 4470 Vries.
810 4415 827 4469 1.
847 4415 867 4469 l.
885 4431 912 4484 p.
924 4415 949 4468 5.
