3450 5242
774 1113 1118 1219 THESEs

403 1433 437 1526 1)
463 1430 538 1506 Liv.
558 1430 647 1522 VIII,
669 1435 702 1521 2,
723 1436 744 1506 6
773 1432 823 1506 sie
849 1432 1062 1530 scripserim:
1094 1435 1193 1521 „tum
1219 1430 1264 1504 ab
1291 1428 1453 1505 Sidicinis
1479 1431 1541 1505 de-

313 1552 399 1627 ditio
437 1553 535 1650 prius
567 1551 614 1625 ad
645 1549 825 1627 Romanos
856 1557 982 1650 eeepta
1011 1553 1088 1627 fieri
1121 1557 1192 1643 est3
1246 1550 1328 1626 dein
1353 1554 1542 1648 postquam

312 1677 432 1770 patres
450 1676 489 1745 ut
507 1693 623 1745 seram
641 1693 783 1766 eamque
800 1669 926 1742 ultima
944 1672 1083 1744 tamdem
1109 1670 1310 1745 necesstiate
1335 1692 1541 1768 expressam

312 1790 606 1888 aspemabantur‚
646 1789 693 1863 ad
718 1787 863 1864 Latinos
889 1790 960 1862 iam
992 1813 1057 1865 sua
1087 1795 1213 1888 sponte
1238 1790 1276 1863 in
1302 1811 1401 1862 arma
1427 1793 1542 1864 metes

196 1900 199 1911 ’
311 1911 406 1984 faeta
433 1913 522 1986 est.“

399 2043 437 2146 2)
464 2047 513 2121 Ib.
533 2051 569 2138 4,
593 2051 626 2122 3.
667 2045 835 2140 Madvigii
874 2046 1074 2121 coniectura
1106 2045 1252 2119 consalta
1284 2068 1351 2143 pre
1384 2045 1541 2117 consules

310 2167 513 2265 repensatis
539 2167 670 2243 reiecta
696 2166 882 2241 lectionem
908 2167 1075 2241 traditam
1102 2166 1266 2242 defendo.

398 2306 433 2398 3)
460 2303 509 2378 Ib.
530 2308 609 2396 4‚4
636 2303 827 2398 legendum
854 2308 922 2378 est:
959 2304 1041 2393 „ubi
1066 2327 1151 2402 pars
1177 2304 1313 2393 virium,
1342 2304 1390 2378 ibi
1417 2309 1452 2379 et
1476 2305 1540 2377 im-

310 2423 399 2520 perii
424 2445 509 2521 pars
538 2431 640 2494 esto.“
665 2456 668 2464 ·

396 2561 435 2652 4)
461 2557 511 2634 Ib.
538 2563 571 2649 7,
598 2562 657 2631 21.
710 2556 878 2652 Madvigii
918 2559 1117 2634 emendatio
1155 2584 1268 2632 merso
1306 2585 1372 2659 pro
1412 2583 1542 2632 emerso

311 2679 493 2755 scribentis
519 2678 754 2776 improbanda
780 2683 834 2752 est
860 2683 897 2752 et
921 2679 1024 2753 lectio
1050 2680 1197 2774 vulgata
1222 2680 1418 2756 retinenda.

398 2817 434 2910 5)
462 2814 562 2889 Ovid.
590 2814 687 2889 Fast.
715 2813 756 2889 Π.
778 2818 850 2888 201
880 2815 931 2889 sie
955 2814 1119 2909 legerim:

465 2933 661 3010 Carmentis
687 2938 813 3031 portae
839 2934 961 3006 dextro
987 2940 1042 3010 est
1067 2935 1125 3008 via
1150 2936 1312 3033 proxima
1336 2934 1432 3010 Iano.

399 3073 435 3164 6)
461 3071 510 3146 Ib.
539 3069 665 3145 Traeh.
697 3074 742 3143 27
748 3074 768 3142 2
797 3093 849 3169 sq.
879 3071 929 3145 sie
955 3070 1232 3146 emendaverim:

536 3200 634 3280 τόνδ’,
657 3201 766 3266 ἄλλον
790 3201 906 3275 αὐτὸς
928 3201 1026 3285 ὄμμα,
1049 3202 1177 3289 θάτέρᾳ
1201 3201 1238 3266 δὲ
1260 3204 1337 3268 νοῦν

537 3304 642 3386 ἔχων,
665 3304 722 3367 ἀπ’
746 3303 845 3390 ἄκρας
867 3303 921 3389 ἧκε
942 3302 1129 3390 πυρνώδους
1150 3305 1284 3379 πλανός.

398 3429 434 3522 7)
461 3425 568 3526 Soph.
595 3429 694 3503 Aiae.
728 3432 823 3502 1237
852 3428 1074 3502 scribendum
1101 3451 1180 3503 esse
1207 3452 1349 3505 censeo:

536 3569 596 3623 ποῖ
614 3560 731 3640 βάντος
752 3558 771 3644 ἢ
792 3559 855 3622 ποῦ
879 3561 1020 3637 στάντος,
1043 3558 1157 3645 οὗπερ
1178 3559 1237 3625 οὖν
1258 3560 1334 3641 ἐγώς

1253 3681 1307 3764 (ef.
1330 3701 1361 3745 v.
1380 3684 1463 3748 1280
1475 3680 1540 3765 sq.)

397 3771 433 3863 8)
459 3769 508 3843 Ib.
531 3771 602 3842 966
631 3773 726 3844 reete
752 3767 885 3843 habent
910 3767 1064 3844 redires:

537 3901 607 3983 ἐμοὶ
629 3901 741 3988 πικρὸς
764 3904 920 3984 τέθνηκεν
940 3899 960 3985 ἥ
980 3904 1096 3976 κείνοις
1116 3901 1241 3981 γλυκύς.

309 4048 425 4131 neque
450 4049 531 4100 eum
557 4023 822 4101 Schneidewino
849 4019 870 4105 ἧ
897 4025 934 4099 in
960 4020 983 4107 ,ἦ
1007 4025 1216 4099 mutandum
1243 4030 1308 4099 est.
