3450 5242
795 377 835 440 13

288 561 414 628 Varum
442 580 485 625 ua
510 560 570 626 ills
592 559 730 645 quidam
757 579 877 626 versus
903 559 989 626 viris
1016 560 1127 625 doctis
1154 559 1240 625 vitio
1268 558 1431 626 immunis

205 675 300 740 visus
334 676 394 739 ast.
438 672 519 737 Jam
546 671 711 738 Heinsius
736 671 883 736 lactions
909 670 1014 738 Naias
1034 693 1107 738 aaa
1132 672 1281 738 offensus
1306 671 1432 751 „Naias

117 764 119 772 ¹
203 785 293 850 uda“
319 784 434 869 legare
460 782 610 863 volabat,
645 802 732 867 quaa
758 783 954 848 coniectura
980 782 1083 848 stiam
1109 783 1264 851 Bantlsio
1292 784 1431 870 placuit.

203 897 246 962 In
272 896 391 961 eadam
414 893 633 974 difficultate,
661 892 692 959 si
722 894 806 979 quid
832 895 919 959 haas
944 894 1047 961 leutio
1078 895 1292 962 difficultatis
1319 897 1431 977 habat,

203 1007 264 1072 Th.
280 1005 413 1072 Birtius
436 1008 672 1100 argumentum
695 990 921 1091 se'ispsrisss
943 992 1065 1086 credit,
1089 1026 1156 1092 quo
1173 1009 1283 1073 totam
1306 1007 1432 1093 epistu-

206 1119 279 1184 lam
302 1117 427 1184 Ovidio
454 1116 673 1181 abiudicarat.
723 1116 825 1198 Quod
847 1117 950 1203 plane
976 1119 1186 1183 contramum
1208 1122 1273 1184 ast:
1306 1118 1432 1184 Ovidis

207 1229 298 1295 enim
330 1229 500 1315 imprimis
527 1227 705 1313 proprium
739 1231 791 1293 ast
823 1228 998 1294 numerals
1025 1229 1115 1314 quod
1143 1233 1270 1295 vocant
1289 1230 1432 1295 verbum

204 1360 267 1428 pro
305 1360 343 1405 eo
382 1340 473 1425 quod
512 1343 563 1405 est
600 1339 719 1422 uliquis
755 1339 809 1404 vel
846 1339 981 1422 quidum
1018 1340 1195 1422 adhibere,
1231 1343 1432 1427 praesertim

206 1472 283 1517 cum
309 1471 382 1517 ram
405 1470 544 1535 gravam
573 1451 675 1535 atqua
702 1451 980 1536 conspiciendam
1008 1451 1206 1535 significare
1226 1453 1323 1534 velit,
1346 1473 1433 1539 quaa

205 1563 277 1629 siva
320 1561 534 1647 praestantia
577 1562 649 1627 slva
676 1551 881 1627 'humilitate
923 1561 1013 1627 iuter
1057 1562 1144 1628 alias
1189 1564 1323 1629 eminet
1378 1567 1433 1631 Ita

210 1675 291 1741 Met.
315 1673 414 1754 VIII,
439 1677 500 1741 786
523 1674 621 1759 sq¹).:

776 1816 909 1873 montani
930 1815 1056 1873 numinis
1081 1831 1185 1876 atatam

455 1917 575 1976 Talibus
598 1921 745 1992 agrestam
767 1917 924 1990 compellat
945 1917 1062 1976 Oreada
1084 1918 1179 1978 dictis.

205 2068 296 2136 Fast.
320 2069 384 2150 IV,
409 2073 463 2135 79:

380 2218 476 2276 Huius
499 2221 563 2276 erat
584 2215 719 2289 Solymus
741 2215 870 2290 Phrygia
893 2233 988 2276 comes
1009 2236 1089 2278 unua
1110 2217 1147 2276 ab
1169 2217 1232 2277 Ida.

205 2369 286 2435 Mat.
309 2366 372 2449 VI,
396 2371 457 2434 578
480 2386 535 2452 sq:

634 2496 819 2571 perfectaque
842 2495 994 2579 (stamina)
1015 2499 1140 2559 tradidit
1160 2499 1229 2574 aui,

414 2603 511 2678 thue
532 2601 610 2662 ferat
633 2601 780 2674 dominae,
803 2606 888 2675 gestu
910 2607 996 2676 rogat
1016 2603 1077 2662 illa.
1101 2637 1143 2646 —

205 2763 267 2830 ubi
293 2783 362 2828 uon
385 2762 426 2827 de
448 2781 585 2848 quaqua
605 2761 749 2841 famula,
778 2761 838 2826 ssd
859 2761 975 2846 potius
998 2761 1040 2826 da
1066 2765 1159 2827 carta
1180 2762 1329 2847 quadam
1351 2762 1432 2826 fida·

206 2873 340 2940 lissima
362 2873 583 2956 cogitandum
605 2874 698 2955 ess).

207 2984 299 3050 Fast.
322 2983 367 3064 V,
391 2986 453 3050 663
476 3001 541 3068 sq.:

395 3130 481 3191 Clare
502 3147 591 3206 nepos
613 3131 757 3205 Atlantis,
780 3132 864 3205 ades,
888 3149 972 3206 quam
994 3132 1139 3192 montibus
1161 3133 1229 3192 olim

478 3234 582 3293 Edidit
603 3234 738 3294 Arcadiis
760 3236 856 3294 Pleias
879 3255 942 3294 aaa
964 3236 1038 3295 Iovi.

204 3394 265 3460 ubi
303 3394 423 3459 eadam
459 3393 592 3457 ratione
631 3393 753 3458 ductus
792 3396 892 3478 atqua
929 3397 1047 3459 nostro
1088 3413 1187 3460 versu
1223 3393 1331 3461 Pleias
1366 3396 1434 3461 uda

207 3505 380 3570 Bautlsius
414 3502 542 3569 iniuria
568 3503 726 3584 coniecit,
760 3503 815 3569 cui
847 3504 1053 3569 Markelium
1083 3503 1154 3569 iam
1187 3505 1433 3591 adstipulatum

211 3635 283 3682 asse
304 3615 414 3680 video,
464 3615 565 3680 Hauc
588 3615 724 3680 dicandi
747 3615 1024 3681 consuetudinem
1047 3615 1235 3682 adscivisse
1255 3620 1434 3703 postama

208 3730 318 3792 vetars
350 3725 405 3790 val
430 3726 596 3791 familiari
628 3745 783 3792 sermone
810 3726 1013 3792 documento
1040 3746 1114 3792 assa
1139 3727 1299 3792 videntur
1325 3728 1433 3793 multa

207 3837 375 3922 exempla,
410 3856 496 3922 quas
529 3837 621 3922 apud
652 3837 811 3902 Plautum
844 3841 877 3903 at
898 3838 1093 3903 Terentium
1114 3837 1346 3920 inveniuntur,
1378 3859 1433 3904 va·

206 3947 271 4013 luti
292 3948 402 4013 Plaut.
425 3948 546 4014 Psaud.
569 3948 632 4013 IV.
659 3954 689 4030 1,
706 3951 761 4016 38:

264 4097 377 4171 Lepida
399 4097 506 4157 ibidem
527 4113 599 4159 aaa
621 4097 716 4157 aderit
737 4098 841 4158 mulier
863 4097 918 4156 tibi
942 4114 1030 4172 super
1051 4098 1133 4157 savia
1155 4098 1236 4157 savia
1258 4099 1392 4172 quaedet.

294 4376 316 4444 ¹)
334 4375 446 4430 Numeri
465 4380 531 4430 suut
549 4375 684 4431 Merkelii.

290 4461 310 4529 ²)
330 4460 365 4515 ci.
383 4460 475 4516 Vries
494 4461 512 4515 l.
530 4459 549 4516 l.
567 4477 594 4529 p.
606 4462 648 4515 97.
