3450 5242
872 337 914 400 40

277 529 315 590 ut
330 523 428 590 Vries
451 523 540 603 vult,
564 523 682 588 eodem
705 543 808 590 sensu
829 542 897 608 quo
912 523 979 588 hoc
1000 521 1076 587 loco
1099 523 1259 606 leguntur
1280 521 1361 587 Her.
1382 519 1473 600 VII,
1493 524 1534 586 4:

279 634 482 720 ‚,adloquor,
511 635 654 699 adverso
681 633 851 699 movimus
883 633 952 698 ista
984 634 1077 713 deo“,
1102 633 1163 698 sed
1192 631 1307 718 potius
1329 631 1535 717 „aggredi-

277 765 363 826 mur,
388 745 579 830 agitamus“
596 763 658 829 per
674 743 885 823 „movimus“
901 743 1168 829 intellegendum
1194 746 1255 809 est.
1288 744 1387 809 Idem
1414 743 1536 808 etiam

279 857 321 921 de
347 855 489 942 reliquis
523 854 687 940 exemplis
722 854 838 920 allatis
872 854 1095 920 iudicandum
1129 858 1195 920 est:
1235 854 1315 919 Met.
1331 854 1441 934 XIV,
1469 859 1533 922 20:

281 988 439 1052 „carmen
463 987 522 1033 ore
541 986 640 1033 move
660 970 795 1046 saero“;
819 966 911 1032 Fast.
928 967 961 1043 Ι,
979 970 1032 1032 19:
1058 967 1207 1051 „pagina
1228 966 1400 1031 indicium
1426 965 1535 1030 docti

279 1081 435 1146 subitura
463 1082 618 1144 movetur
638 1078 842 1163 principis“;
877 1080 952 1145 268:
981 1077 1077 1163 „ipse
1109 1097 1205 1142 meae
1237 1079 1332 1143 movi
1364 1078 1533 1145 candus

279 1192 364 1257 artis
393 1194 514 1275 opus“3
547 1189 692 1270 111,11:
722 1188 827 1274 „quid
857 1190 949 1254 enim
982 1190 1075 1252 vetat
1106 1188 1187 1253 inde
1213 1190 1381 1268 moveri“;
1415 1189 1533 1274 Verg.

279 1306 365 1367 Aen.
381 1300 462 1381 VII,
483 1305 540 1368 45:
569 1300 702 1381 „maius
730 1318 815 1385 opus
838 1303 991 1364 moveo“.
1040 1299 1161 1384 Itaque
1182 1299 1325 1383 vulgata
1347 1300 1535 1386 epistulae

278 1412 380 1477 lectio
395 1412 488 1477 haud
503 1411 661 1477 idoneam
683 1410 886 1477 sententiam
909 1410 1022 1476 efficit.
1057 1411 1173 1496 Neque
1194 1410 1407 1478 indicativus
1434 1415 1533 1480 satis

280 1524 391 1590 firmis
412 1525 623 1608 argumentis
644 1521 826 1590 aScatone
849 1523 892 1588 de
906 1523 1005 1588 Vries
1021 1521 1231 1602 defenditur,
1254 1543 1335 1587 nam
1358 1525 1535 1610 exempla

280 1635 416 1722 prolata
430 1635 579 1700 maxime
594 1633 803 1699 dubitationi
820 1633 969 1699 obnoxia
983 1636 1072 1713 sunt,
1089 1652 1134 1697 an
1148 1633 1285 1718 integra
1299 1635 1533 1721 gonuinaque

280 1746 410 1812 tradita
434 1745 512 1812 sint.
552 1745 653 1827 Quod
676 1746 720 1810 ad
742 1764 880 1810 versum
901 1744 983 1808 Her.
998 1745 1048 1824 X,
1065 1747 1105 1814 86
1129 1745 1386 1829 pertinatiam
1410 1748 1533 1814 medi-

282 1858 396 1922 cinam
424 1876 502 1942 pag.
528 1860 567 1924 31
603 1855 832 1921 adhibuimus.
884 1855 981 1937 Quae
1010 1875 1087 1920 cum
1114 1855 1165 1920 ita
1188 1856 1272 1937 sint,
1300 1858 1532 1942 acquiescere

281 1969 394 2054 placet
419 1967 457 2033 in
484 1967 615 2052 optima
643 1967 765 2051 optimi
788 1970 821 2030 et
843 1966 1068 2032 vetustissimi
1090 1965 1219 2031 codicis
1247 1950 1528 2036 Francofirrtani

282 2081 454 2165 scriptura
480 2079 590 2160 „unde
615 2077 745 2143 veniret
770 2081 886 2163 opus“,
910 2096 997 2162 quae
1012 2077 1195 2163 quominus
1216 2079 1406 2163 recipiatur
1429 2081 1529 2148 nihil

283 2191 361 2255 obst
383 2193 406 2254 t.

433 2305 468 2362 V.
494 2306 523 2363 7.
558 2303 686 2363 Flendus
710 2321 792 2363 amor
813 2320 895 2362 meus
918 2309 963 2362 est
984 2303 1096 2376 elegeia
1118 2301 1214 2363 flebile
1237 2321 1365 2363 carmen.

286 2410 343 2478 Sie
373 2429 492 2476 omnes
521 2409 591 2475 fere
626 2410 773 2476 editores
804 2411 886 2475 inde
920 2411 963 2475 ab
992 2411 1138 2476 Heinsio
1167 2411 1258 2476 hunc
1292 2432 1433 2478 versum
1469 2436 1531 2481 ex-

284 2523 405 2588 hibent
431 2521 636 2586 recentiores
664 2520 795 2606 aliquot
821 2521 955 2587 codioes
978 2521 1116 2586 minimi
1140 2523 1303 2607 ponderis
1329 2529 1527 2609 sequentes.

285 2634 395 2716 Quem
422 2632 534 2699 locum
564 2634 762 2717 corruptum
792 2651 865 2697 esse
893 2651 961 2697 non
987 2631 1048 2716 per
1072 2651 1109 2697 se
1130 2636 1265 2698 tantum
1293 2635 1526 2721 intellegitur,

286 2765 363 2811 cum
386 2744 527 2829 Elegeia
550 2744 614 2809 dea
635 2763 702 2808 non
725 2743 839 2808 flebile
861 2762 998 2808 carmen
1022 2743 1090 2808 dici
1112 2745 1236 2830 possit,
1267 2745 1458 2812 sedetiam
1484 2769 1529 2814 ex

286 2856 407 2922 ceteris
427 2854 695 2940 antiquioribus
728 2853 829 2920 libris
863 2854 1024 2939 colligere
1056 2854 1153 2937 licet,
1187 2875 1333 2941 quornm
1365 2856 1528 2944 plerique

162 2984 164 2988 ·
286 2967 396 3052 „elegi
417 2966 531 3031 flebile
554 2971 721 3046 carmen“‚
744 2985 832 3032 unus
859 2965 1066 3051 „elegique“,
1089 2964 1380 3033 Francofurtanus
1408 2969 1526 3056 „elegi

287 3081 441 3163 quoque“
469 3077 653 3142 memoriae
680 3077 829 3142 tradunt.
880 3076 980 3141 Hanc
1006 3076 1166 3141 ultimam
1188 3077 1370 3143 lectionem
1399 3098 1526 3146 omnes

286 3191 325 3252 ut
350 3189 502 3273 ineptam
529 3191 693 3274 respuunt
725 3192 759 3252 et
784 3187 882 3252 varia
908 3187 1090 3252 conamina
1111 3187 1292 3253 infeliciter
1314 3189 1406 3254 facta
1429 3195 1522 3269 sunt

287 3303 326 3364 ut
346 3298 470 3363 lacuna
497 3299 696 3384 expleretur.
743 3298 809 3366 Sed
836 3281 933 3364 nulla
959 3299 1196 3364 emendatione
1223 3303 1282 3364 aut
1303 3301 1524 3367 restItutione

289 3427 374 3494 opus
403 3427 475 3474 esse
501 3409 673 3493 intelliget
705 3409 765 3494 qui
795 3408 984 3493 particulae
1016 3413 1193 3494 „quoque“
1225 3410 1295 3474 vim
1324 3410 1415 3496 apud
1438 3412 1523 3479 Ovi-

289 3521 384 3586 dium
413 3520 623 3605 cognoverit.
678 3519 852 3592 Proferam
885 3519 922 3583 in
948 3520 1100 3585 medium
1130 3520 1296 3586 nonnulla
1321 3521 1524 3588 huiusmodi

289 3632 457 3718 exempla:
582 3681 584 3684 -

289 3746 364 3810 Art.
382 3764 447 3809 arn.
464 3743 532 3824 111,
551 3746 626 3809 177:

442 3859 501 3917 Hic
523 3858 616 3917 undas
638 3858 785 3916 imitatur:
809 3844 899 3915 habet
920 3873 1033 3931 quoqne
1055 3874 1161 3916 nomen
1183 3858 1220 3916 ab
1242 3859 1337 3917 undis.

227 4029 229 4034 .
290 3966 384 4032 Rem.
406 3970 483 4044 4073
506 3967 584 4038 Am.
608 3965 639 4044 Ι,
668 3970 700 4045 7,
731 3967 779 4030 15.
813 3963 894 4028 Her.
915 3964 947 4045 1,
965 3967 1016 4031 65.
1052 3964 1095 4029 cs.
1118 3964 1370 4050 Aen.Verg.I‚
1397 3971 1424 4033 5.
1459 3966 1521 4031 ubi

293 4081 469 4163 „quoque“
491 4095 554 4162 pro
578 4075 780 4156 „similiter“
801 4074 855 4139 vel
879 4074 971 4155 „ita“
992 4076 1144 4160 positum
1167 4079 1226 4140 est.
1263 4076 1384 4162 Itaque
1406 4079 1522 4142 noster

290 4189 386 4254 locus
409 4189 460 4254 sic
482 4190 534 4254 est
551 4186 813 4270 intellegendus:
848 4189 887 4250 ut
909 4205 1006 4251 amor
1026 4205 1123 4251 meus
1142 4185 1275 4252 flendus
1298 4190 1363 4268 est,
1391 4189 1441 4252 ita
1461 4187 1519 4251 fle·

293 4300 362 4364 bile
384 4302 436 4365 est
458 4299 631 4383 elegorum
654 4317 800 4362 carmen.
846 4296 887 4361 cf.
904 4297 1005 4362 Trist.
1024 4296 1068 4378 V,
1085 4301 1120 4363 5:

488 4414 609 4472 Flebilis
631 4418 665 4470 ut
684 4418 785 4472 noster
807 4417 902 4471 status
924 4417 983 4486 cst,
1006 4413 1050 4471 ita
1071 4411 1168 4471 flebile
1192 4430 1318 4473 carmen.
