3450 5242
912 341 954 405 38

317 527 408 612 quod
440 525 477 591 iu
504 525 704 591 melioribus
727 525 905 591 codicibus
926 546 995 591 nou
1020 525 1226 606 ,Erichtho“
1250 525 1310 591 sed
1334 525 1476 610 „Enyo“
1501 524 1556 589 vel

315 637 639 722 corrupte„Erith0“
650 636 816 702 traditum
829 640 889 716 est,
906 657 1050 722 quorum
1060 637 1210 722 primum
1220 637 1257 702 in
1265 637 1554 715 Francofurtano,

315 749 460 814 alterum
482 748 519 813 in
540 747 728 813 Harleiano
751 747 841 813 libro
863 747 998 834 legitur.
1044 747 1112 814 Sed
1140 769 1184 813 ne
1211 749 1247 812 iu
1269 748 1387 833 Enyus
1411 747 1554 833 quidem

315 859 453 924 nomine
475 858 758 944 acquiescendum
781 862 842 938 est,
867 878 934 945 quo
956 879 1019 924 uec
1040 861 1151 924 aetate
1175 862 1337 944 argentea
1358 878 1422 923 nec
1437 860 1554 942 poste

314 970 465 1036 rioribus
480 969 692 1054 temporibus
708 968 778 1034 alia
794 969 857 1034 dea
872 970 941 1036 nisi
956 969 1089 1049 bellica,
1113 990 1200 1056 qnae
1215 970 1260 1034 ad
1275 970 1367 1035 hunc
1381 969 1554 1055 epistulae

313 1080 427 1147 locum
448 1080 590 1145 minime
612 1084 690 1166 apte
713 1081 881 1162 convenit,
911 1080 1079 1166 appellari
1101 1080 1242 1147 solebat.
1256 1083 1279 1166 ¹)
1323 1082 1411 1145 Nam
1436 1079 1552 1160 iniis,

315 1212 401 1278 quos
418 1191 518 1259 Scato
542 1192 584 1257 de
599 1191 698 1258 Vries
719 1211 798 1278 pag.
826 1197 887 1260 137
910 1213 952 1258 ex
968 1192 1150 1258 Dracontii
1172 1211 1259 1277 quae
1279 1192 1388 1257 fertur
1417 1191 1555 1258 Orestis

317 1303 498 1389 tragoedia
520 1302 636 1368 attulit
657 1303 814 1369 versibus
837 1307 900 1371 497
923 1323 973 1389 sq.
981 1305 1007 1388 ²)

563 1442 604 1500 Et
625 1442 724 1502 Furiis
747 1447 852 1517 augete
874 1444 982 1502 malum
1004 1445 1129 1503 mortale
1149 1461 1307 1517 venenum3

563 1545 710 1620 Torqueat
733 1552 869 1605 auctores
892 1546 1033 1606 scelernm
1056 1547 1182 1606 crudelis
1204 1546 1300 1620 Enyo.

315 1679 497 1744 Furiarum
531 1682 564 1742 11
589 1678 707 1763 Enyus
745 1679 887 1744 nomina
919 1699 1002 1760 non,
1041 1683 1080 1745 ut
1101 1680 1200 1745 Vries
1233 1679 1321 1760 vult,
1365 1681 1440 1743 tam
1475 1697 1555 1743 con-

315 1789 431 1854 iuncta
454 1792 548 1869 suut,
571 1793 610 1854 ut
631 1809 737 1854 unum
759 1809 822 1875 pro
846 1791 954 1856 altero
977 1795 1068 1856 stare
1089 1791 1213 1876 possit,
1247 1790 1316 1855 sed,
1335 1790 1423 1854 duae
1451 1789 1555 1875 plane

316 1900 471 1966 diversae
493 1899 696 1964 exhibentur
710 1901 866 1966 notiones
891 1901 989 1966 deam
1011 1901 1172 1966 bellicam
1191 1903 1225 1965 et
1245 1901 1377 1984 Erinyn
1393 1919 1552 1966 seorsum

317 2011 545 2095 designantes.
591 2011 787 2096 Respondet
820 2011 953 2078 seilicet
984 2013 1134 2077 nutritor
1157 2011 1289 2079 Orestis
1324 2011 1369 2075 ad
1396 2030 1438 2075 ea
1468 2029 1556 2096 quae

315 2121 592 2207 Clytaemnestra
615 2141 720 2208 snpra
735 2121 890 2208 praefata
905 2126 956 2188 est
977 2123 1150 2208 placidam
1167 2122 1314 2207 quietem
1328 2121 1552 2186 renuncians:

440 2280 468 2321 v.
493 2262 553 2322 387
578 2263 655 2336 quod
676 2279 727 2322 vos
750 2264 792 2321 sic
814 2264 921 2321 minuit
942 2264 1036 2322 saevis
1058 2263 1180 2322 Bellona
1202 2259 1311 2343 duellis}

577 2374 655 2447 regis
679 2374 764 2448 culpa
784 2372 850 2448 fuit,
875 2340 931 2448 qui⁴
946 2375 1082 2433 exhausit
1105 2374 1217 2435 civibus
1239 2375 1352 2434 urbem.

317 2504 419 2587 Quod
441 2505 486 2570 ad
507 2523 645 2570 versum
668 2509 731 2572 784
752 2505 914 2591 pertinet:

573 2637 674 2697 laudm
696 2637 781 2711 Enyo
804 2635 895 2711 nefas,
919 2638 1053 2697 dextram
1076 2628 1213 2713 culpabat
1234 2639 1354 2713 Erinys.

314 2770 432 2854 Enyos
468 2769 606 2835 nomine
631 2770 731 2835 deam
764 2769 944 2854 sanguinis
976 2770 1045 2835 fusi
1078 2774 1180 2856 atque
1217 2771 1405 2837 occidiouis
1440 2770 1555 2855 desig-

314 2885 433 2947 natam
460 2900 534 2947 csse
560 2879 779 2950 manifestum
802 2884 868 2960 est,
902 2881 994 2967 qnod
1016 2881 1108 2946 haud
1137 2882 1250 2967 aptius
1274 2902 1376 2967 quam
1397 2881 1554 2967 Erinyos

315 3013 441 3058 nomen
463 2993 500 3059 in
516 2993 682 3078 epistulae
703 2993 817 3058 locum
840 2993 942 3059 cadit.
978 2994 1073 3076 Quae
1089 3013 1167 3058 cnm
1181 2993 1232 3058 ita
1248 2993 1327 3073 sint,
1349 2993 1423 3058 veri
1438 2992 1553 3058 simile

315 3105 403 3169 mihi
425 3124 498 3170 esse
521 3104 657 3169 videtur
689 3104 726 3168 in
748 3104 921 3170 communi
949 3105 1132 3190 archetypo
1161 3107 1357 3190 corruptum
1384 3104 1552 3185 „Eritho“

316 3215 499 3296 exstitisse,
515 3216 552 3281 in
568 3216 664 3280 cuius
676 3215 789 3280 locum
804 3215 846 3296 is,
863 3215 922 3301 qui
937 3215 1062 3281 librum
1076 3215 1385 3280 Francofurtanum
1401 3215 1551 3300 scripsit,

315 3345 393 3390 curn
428 3326 542 3390 mendi
577 3326 745 3410 originem
778 3345 845 3390 non
869 3326 1102 3407 intellexissit,
1137 3327 1178 3390 de
1205 3345 1267 3392 suo
1299 3325 1440 3411 „Enyo“
1474 3325 1553 3392 sub-

314 3435 501 3522 rogaverit.
534 3436 730 3502 Lectionem
746 3439 858 3500 autem
874 3436 1048 3503 ERITHO
1063 3456 1157 3502 mero
1174 3456 1287 3502 errore
1307 3456 1370 3522 pro
1381 3433 1550 3502 ERINYS

316 3567 337 3612 a
364 3547 508 3613 librario
543 3546 692 3632 quodam
724 3545 826 3611 facile
860 3547 968 3612 scribi
999 3547 1154 3633 potuisse
1186 3547 1297 3628 credo,
1331 3547 1428 3613 cuius
1461 3545 1552 3612 oculi

316 3658 516 3723 aberrantes
553 3657 590 3723 in
627 3656 784 3722 ultimam
821 3657 992 3742 syllabam
1029 3657 1266 3743 subsequentis
1304 3658 1464 3743 „topho“
1501 3657 1552 3721 in·

318 3769 486 3835 ciderunt.
530 3769 657 3853 Erinys
681 3767 789 3833 simili
810 3768 913 3833 modo
936 3772 1102 3854 usurpata
1123 3767 1204 3834 Met.
1227 3768 1286 3849 IV,
1310 3773 1387 3848 4903
1415 3771 1486 3835 506.

406 3880 539 3962 Quibus
569 3879 733 3965 expositis
760 3879 917 3945 videmus
945 3880 1127 3965 epistulam
1150 3879 1318 3964 Sapphus,
1353 3899 1441 3964 quae
1462 3895 1551 3944 nunc

314 3991 501 4072 lectitatur,
519 3989 635 4056 Ovidii
649 3991 788 4076 iugenio
805 3994 838 4055 et
851 3978 962 4056 indoli
978 3989 1220 4076 dignissimam
1236 4009 1310 4056 esse
1324 4009 1432 4075 neque
1447 3989 1550 4054 aliam

409 4177 429 4244 ¹)
448 4176 521 4231 Stat.
540 4176 625 4232 Theb.
643 4177 727 4247 VIII,
747 4178 809 4232 657:
830 4182 877 4242 ,et
894 4178 955 4233 face
971 4181 1081 4232 mutata
1103 4177 1206 4232 bellum
1223 4177 1383 4246 integrabat
1400 4177 1488 4248 Enyo.
1507 4172 1550 4242 (cf.

314 4261 369 4316 Sil.
388 4263 429 4331 10,
447 4262 519 4328 203).
547 4263 630 4316 Mart.
656 4263 809 4330 Spectacul.
827 4265 870 4317 24.
895 4278 945 4328 „ne
961 4267 992 4317 te
1004 4263 1124 4332 decipiat
1140 4261 1249 4317 ratibus
1261 4261 1370 4317 navalis
1383 4263 1487 4330 Eny0“,
1504 4256 1550 4312 ubi

316 4363 367 4416 pro
385 4346 457 4402 bello
476 4347 534 4402 sire
552 4347 655 4416 proelio
673 4347 733 4415 ipso
752 4347 872 4416 positum
890 4354 941 4404 est.

407 4433 427 4500 9)
447 4432 513 4487 edit.
532 4431 659 4487 Schenkl.
686 4432 796 4502 Pragae
814 4433 889 4488 1867.
