3450 5242
783 383 823 446 25

189 586 333 652 rumque
354 567 502 637 traditae
525 566 594 632 alia
614 567 729 632 minus
752 567 850 632 bona·
865 567 1103 647 substituatur,
1126 567 1327 652 praesertim
1343 586 1420 637 eum

189 678 349 743 mendum
381 678 476 744 illius
509 678 698 762 scripturae
730 678 838 744 simili
861 678 956 744 vocis
989 678 1176 764 superioris
1203 678 1296 742 exitu
1317 676 1423 743 facile

189 788 355 874 explicari
376 789 495 874 possit.
541 788 608 856 Sed
642 789 807 854 audacius
841 808 1026 874 aggressus
1048 788 1278 854 Baehrensius
1301 788 1421 861 estad

190 899 438 965 emendandum
460 919 595 974 versum
621 903 691 980 168,
726 907 826 984 quem
849 900 1059 966 Harleianus
1080 900 1170 965 liber
1191 902 1419 965 1111111111-

187 1030 306 1076 rorum
329 1030 543 1077 communem
565 1011 773 1095 scripturam
795 1010 1014 1119 peculiariter
1035 1012 1086 1077 sic
1106 1011 1229 1076 tradit:

354 1134 356 1140 ’
415 1151 499 1210 Misit
522 1157 551 1211 et
572 1152 603 1210 in
624 1150 750 1224 liquidas
772 1152 900 1226 pondere
911 1147 933 1232 ¹)
955 1152 1063 1226 pressit
1085 1168 1185 1226 aquas,

189 1304 231 1349 ex
253 1303 320 1369 quo
343 1288 458 1370 aperte
481 1287 641 1370 corrupto
664 1304 766 1351 versu
788 1283 842 1348 vir
867 1284 987 1350 doctus
1009 1283 1119 1349 effecit
1141 1268 1284 1348 huncce:

414 1427 499 1486 Misit
519 1443 574 1485 nec
595 1427 720 1502 liquidas
742 1425 871 1500 pondere
891 1425 1001 1500 pressit
1022 1443 1112 1500 aquas

189 1561 230 1638 et,
253 1562 292 1623 ut
312 1559 537 1638 mutationem
560 1562 746 1640 excusaret,
771 1559 907 1624 addidit
926 1559 1024 1623 haec:
1062 1556 1293 1639 „servabatur
1319 1577 1419 1643 quem

188 1670 282 1734 venti
318 1670 471 1736 tulerunt
503 1669 540 1734 in
577 1671 676 1750 litus,
720 1670 856 1756 peribat
892 1690 993 1755 quem
1028 1670 1163 1754 pondus
1200 1670 1350 1735 detraxit
1383 1669 1422 1734 in

188 1781 331 1848 11111111.ιι
362 1780 463 1862 Quod
484 1781 625 1848 minime
638 1785 738 1850 ¹recte
760 1781 990 1864 excogitatum
1014 1800 1089 1846 1111
1110 1780 1209 1845 docet
1228 1780 1420 1846 communis

187 1891 290 1971 fama,
325 1911 367 1957 ex
389 1911 458 1977 qua
480 1911 603 1979 corpus
637 1893 826 1959 desilientis
848 1893 886 1956 in
908 1911 1043 1977 aquam,
1076 1894 1116 1955 ut
1143 1910 1240 1955 amor
1262 1895 1420 1972 cessaret,
1463 1982 1466 1986 ⁸

187 2022 342 2087 mergere
364 2002 519 2084 debebat,
552 2004 646 2069 velut
668 2007 811 2090 apparet
832 2023 875 2068 ex
895 2001 1125 2069 Anacreontis
1151 2001 1344 2086 fragmento
1370 2007 1418 2070 19.

188 2113 328 2200 (Bergk.
353 2114 432 2198 ed.):.

362 2249 477 2336 ἀρθεὶς
498 2248 586 2336 dpda’
609 2249 679 2315 α’πὸ
699 2248 869 2324 Λευκάδος

313 2411 315 2416 .
362 2357 477 2439 πέτρης
499 2353 532 2428 ἐς
553 2353 670 2418 πολιὸν
692 2355 777 2436 κῦμα
800 2353 957 2435 κολυμβῶ,
979 2353 1115 2435 μεθύων
1135 2350 1236 2437 ἔρωτι.

198 2498 200 2504 ’
275 2489 439 2556 Versibus
474 2493 585 2555 autem
617 2496 677 2558 177
705 2503 789 2576 sqq,
824 2510 910 2576 quos
932 2489 1162 2554 Baehrensius
1183 2487 1220 2553 in
1254 2488 1418 2553 auxilium

188 2603 310 2680 vocat,
333 2600 421 2666 nihil
456 2601 551 2666 aliud
583 2605 741 2687 precatur
775 2601 925 2688 Sappho,
962 2600 1032 2666 nisi
1064 2603 1104 2665 ut
1134 2599 1242 2665 saltus
1274 2599 1422 2685 impetus

190 2711 301 2777 ventis
323 2711 458 2797 plumas
481 2711 679 2778 afflantibus
703 2712 869 2778 allevetur
892 2715 994 2796 atque
1015 2729 1116 2776 casus
1142 2708 1296 2795 pericula
1317 2710 1423 2774 demi-

190 2825 350 2888 nuantur:
374 2822 466 2907 quod
481 2823 511 2888 si
526 2822 557 2887 ei
573 2823 764 2908 contigerit,
788 2823 824 2886 in
840 2821 1019 2887 naviculae
1042 2822 1300 2886 circumstantes
1314 2818 1421 2905 recipi
1447 2887 1450 2894 ,

192 2931 300 3014 possit
309 2934 340 3016 ¹).
385 2932 575 2998 Retinenda
598 2937 650 2998 est
671 2933 779 3018 igitur
801 2932 957 3017 vulgaris
980 2931 1119 3016 egregia
1140 2930 1255 2996 lectio:

456 3074 541 3132 Misit
563 3079 593 3132 et
614 3074 715 3132 illaeso
739 3089 861 3147 corpore
883 3073 993 3146 pressit
1014 3089 1115 3146 aquas.

276 3204 342 3272 His
366 3207 559 3293 explanatis
583 3207 628 3272 ad
649 3205 863 3292 propositum
896 3204 1107 3270 redeundum
1133 3207 1193 3275 est.
1238 3204 1422 3271 Schneide-

190 3315 301 3383 winus
313 3318 451 3403 quidem
466 3318 563 3383 haec:
581 3317 741 3404 ,Sappho
758 3318 874 3402 gelobt
889 3316 939 3382 111
954 3316 1024 3400 (die
1034 3315 1148 3400 Leier)
1164 3315 1241 3380 dem
1252 3315 1425 3396 Phoebea,

190 3445 290 3491 wenn
324 3428 374 3496 sie
407 3430 469 3495 das
502 3428 740 3496 Leukadische
773 3428 945 3495 Sturzbad
981 3426 1159 3512 gldcklich
1191 3426 1422 3493 iiberstanden

189 3535 279 3601 habe
311 3539 382 3604 und
404 3559 471 3605 von
493 3540 717 3626 Liebesgluth
750 3539 897 3624 gekiihlt
918 3539 1000 3606 sei.“
1045 3538 1171 3605 Verum
1204 3538 1296 3604 enim
1328 3557 1420 3618 vero,

189 3651 229 3712 ut
250 3648 469 3716 ratiocinatio
495 3656 590 3716 recta
612 3657 713 3736 atque
735 3670 821 3718 sana
843 3651 898 3730 sit,
927 3651 1061 3735 oportet
1082 3650 1199 3714 omnia
1220 3669 1262 3714 ac
1283 3649 1422 3733 singula

188 3759 369 3845 proposita
390 3766 635 3828 enumerentur.
682 3761 782 3844 Quod
804 3762 858 3827 vir
881 3763 1002 3827 doctus
1023 3759 1134 3825 facere
1155 3759 1307 3844 neglexit
1327 3760 1421 3825 ideo-

191 3887 256 3954 que
283 3871 356 3936 eius
388 3859 534 3938 rationis
567 3873 742 3942 conclusio
776 3873 957 3940 claudicat.
1002 3871 1173 3936 Nimirum
1208 3869 1356 3956 Sappho,
1390 3872 1422 3936 si

191 3980 373 4065 epistulam
397 3985 523 4048 attente
545 3984 679 4067 legeris,
712 3988 786 4051 tum
809 3987 889 4050 voto
911 3981 1090 4061 tenebitur,
1120 4001 1196 4045 cum
1218 4000 1288 4046 non
1310 3981 1421 4047 solum

192 4091 234 4155 de
255 4091 402 4158 Leucate
424 4113 585 4180 prospere
609 4094 785 4162 desiluerit
806 4113 992 4180 curamque
1023 4111 1149 4179 ponere
1169 4092 1327 4177 potuerit,
1361 4093 1422 4159 sed

278 4306 299 4376 ¹)
316 4305 424 4373 Nescio,
442 4306 575 4362 utrumin
587 4307 657 4364 libro
677 4309 835 4378 ,pondere“,
854 4323 891 4361 an
909 4312 1060 4377 „corpore“,
1078 4307 1151 4375 quod
1162 4305 1321 4375 Sedlmayer
1331 4272 1423 4374 notet,

191 4392 326 4448 traditum
343 4392 390 4447 sit.
422 4413 424 4416 ·
483 4395 485 4400 ’

275 4477 296 4546 ²)
315 4478 349 4533 cf.
367 4477 459 4533 Strab.
478 4477 497 4533 l.
515 4477 534 4532 l.
552 4507 584 4518 -
602 4478 637 4533 cf.
655 4478 748 4535 Vries.
766 4479 785 4534 1.
804 4479 825 4533 l.
842 4494 868 4547 p.
881 4479 948 4545 103,
