3450 5242
906 357 948 422 22

315 541 417 622 debo,
442 541 603 627 quoniam
619 541 704 608 haec
725 541 1038 608 mera‘coniectura
1060 545 1113 608 001
1133 543 1346 628 argumentis
1367 542 1553 609 destituta.

313 653 429 739 Neque
450 653 540 720 enim
564 653 660 720 aliud
681 657 932 734 consectemur,
959 655 1029 720 nisi
1050 659 1090 720 ut
1109 653 1250 740 singula
1270 656 1485 739 argumenta
1507 652 1553 719 ab

314 764 511 832 hominibus
526 765 636 832 doctis
656 765 763 832 allata
778 765 1016 832 concutiantur
1036 769 1140 851 atque
1151 765 1405 846 examinentur,
1430 766 1555 830 utrum

313 879 391 942 rata
412 876 482 944 sint
504 896 627 943 annon.

399 987 584 1054 Videamus
599 1007 705 1070 nunc,
729 987 810 1075 quid
827 988 870 1054 do
883 988 945 1054 illo
960 988 1157 1054 testimonio
1172 988 1389 1054 memorabili
1403 989 1492 1054 Am.
1505 987 1554 1068 H,
1678 1012 1679 1047 i

316 1101 355 1166 18
385 1098 608 1165 iudicandum
642 1099 701 1181 sit,
741 1100 833 1186 quod
864 1119 993 1186 magno
1025 1118 1128 1185 opere
1161 1100 1363 1186 interpretes
1390 1098 1557 1166 exercuit

314 1213 415 1295 01000
440 1209 542 1296 plane
571 1211 608 1276 in
641 1211 832 1278 contrarias
866 1211 1053 1278 sententias
1086 1211 1257 1278 diruerit
1303 1210 1426 1278 Ovidii
1456 1210 1557 1276 enim
1679 1282 1680 1319 ,

313 1320 410 1388 locus
431 1321 542 1388 hicce:

466 1471 528 1532 Aut
549 1472 626 1547 quod
647 1473 807 1548 Penelopes
829 1472 926 1532 verbis
948 1473 1090 1532 reddatur
1110 1473 1206 1546 Ulixi,

551 1575 711 1635 Scribimus
733 1581 764 1634 01
784 1575 934 1647 lacrimas,
958 1573 1054 1648 Phylli
1075 1575 1192 1649 relicta,
1213 1582 1295 1649 tuas,

467 1677 552 1750 Quod
573 1678 658 1737 Paris
680 1683 711 1737 et
731 1679 889 1738 Macareus
912 1681 942 1736 et
964 1678 1041 1751 quod
1061 1679 1138 1737 male
1160 1684 1262 1752 gratus
1282 1679 1351 1738 Iaso

552 1781 763 1856 Hippolytique
783 1796 890 1855 parens
910 1781 1146 1855 Hippolytusque
1166 1782 1279 1855 legant,

468 1882 609 1956 Quodque
630 1889 732 1942 tenens
754 1884 891 1942 strictum
911 1883 990 1943 Dido
1010 1883 1186 1943 miserabilis
1207 1901 1306 1944 ensem

549 1986 638 2046 Dicat
659 1992 690 2046 01
711 1981 838 2047 Aeoliae
860 1981 971 2046 Lesbo
992 1982 1094 2046 amico
1115 1981 1209 2068 tyrae

464 2088 558 2160 Quam
581 2090 640 2148 cito
663 2089 699 2148 de
721 2094 783 2148 toto
806 2089 897 2148 rediit
916 2106 999 2148 meus
1021 2088 1091 2148 orbe
1113 2087 1239 2147 Sabinus

550 2190 722 2265 Scriptaque
745 2192 868 2251 diversis
890 2192 1006 2252 rettulit
1027 2192 1077 2250 ille
1098 2191 1184 2251 locis:

467 2291 599 2352 Candida
621 2294 765 2367 Penelope
787 2295 902 2368 signum
926 2296 1062 2368 cognorit
1083 2295 1194 2367 Ulixis,

547 2396 634 2470 Legit
655 2396 692 2455 ab
715 2397 875 2470 Hippolyto
898 2398 1009 2471 scripta
1031 2413 1157 2456 noverca
1179 2414 1241 2470 suo,

467 2497 529 2556 lam
551 2499 616 2572 pius
638 2497 753 2557 Aeneas
776 2499 903 2558 miserae
925 2500 1079 2573 rescripsit
1099 2499 1230 2574 Elissae,

551 2599 692 2675 Quodque
713 2600 792 2674 legat
814 2601 942 2674 Phyllis,
966 2601 992 2659 si
1015 2600 1101 2659 modo
1122 2601 1209 2674 01011,
1233 2600 1331 2672 adest,

467 2701 574 2761 Tristis
597 2703 635 2761 ad
656 2702 838 2777 Hypsipylen
861 2703 899 2762 ab
922 2704 1026 2763 Iasone
1047 2703 1149 2762 littera
1169 2703 1258 2775 00011,

550 2801 615 2865 Det
635 2811 739 2864 oolam
761 2801 882 2866 Phoebo
904 2800 1014 2866 Lesbia
1036 2812 1141 2865 amata
1164 2800 1272 2888 lyram.

399 2971 494 3054 Quos
517 2991 637 3039 versus
660 2993 737 3038 cum
759 2977 881 3040 nostra
896 2974 1044 3060 epistula
1064 2975 1267 3060 0000010000
1290 2993 1366 3038 cum
1387 2973 1550 3040 versibus

315 3086 494 3150 181-184
524 3082 665 3148 minime
697 3104 883 3171 congruere
915 3086 985 3151 iam
1016 3085 1296 3152 Schneidewinus
1326 3085 1505 3151 contendit
1515 3087 1549 3169 ¹),

314 3194 411 3260 00100
427 3195 619 3280 opinionem
637 3195 741 3261 etiam
757 3196 893 3264 Riesius
910 3197 1119 3264 novissimus
1136 3197 1247 3261 editor
1258 3195 1437 3282 amplexus
1449 3199 1511 3262 001.
1520 3197 1549 3280 ²)

314 3304 486 3387 Quocirca
518 3325 640 3391 operae
672 3307 820 3393 pretium
853 3311 906 3374 est
926 3306 1040 3374 locum
1073 3305 1273 3392 diligentius
1294 3306 1473 3392 inspicere,
1508 3310 1549 3371 ut

314 3416 500 3498 videamus,
524 3417 606 3501 quid
627 3417 694 3482 hoc
714 3417 765 3482 rei
788 3418 843 3483 sit.
888 3418 946 3483 Ad
963 3417 1120 3482 Macrum
1142 3416 1264 3482 scribit
1277 3419 1380 3502 poeta
1394 3418 1547 3483 amicum

312 3545 411 3593 suum
435 3546 471 3593 se
499 3527 646 3611 grandia
678 3528 832 3593 earmina
865 3528 1046 3592 audentem
1079 3527 1344 3613 tragoediaeque
1375 3529 1547 3593 intentum

313 3637 494 3724 Cupidinis
515 3638 688 3704 illecebris
710 3639 755 3704 ad
777 3639 965 3704 amatorias
985 3658 1041 3705 res
1056 3639 1255 3705 scribendas
1270 3639 1452 3706 deductum
1471 3660 1548 3706 esse

313 3753 555 3836 enumeratque
587 3748 770 3816 nonnullas
793 3750 962 3816 Heroides
985 3754 1018 3815 et
1038 3750 1128 3815 inter
1161 3769 1218 3816 eas
1246 3748 1406 3836 Sapphus
1440 3751 1545 3816 etiam

313 3860 505 3946 epistulam.
551 3861 683 3926 Deinde
710 3863 751 3927 de
784 3861 959 3948 responsis
986 3883 1007 3928 a
1034 3861 1163 3929 Sabino
1194 3862 1340 3929 redditis
1372 3863 1545 3928 mentione

311 3970 438 4038 iniecta
471 3972 610 4059 Sappho
648 3976 825 4060 tamquam
866 3977 983 4040 amata
1020 3975 1194 4040 inducitur
1226 3974 1473 4059 inritaturque,
1507 3975 1545 4037 ut

312 4082 450 4149 Phoebo
483 4103 587 4170 quam
609 4085 704 4150 vovit
735 4085 846 4170 lyram
870 4086 935 4150 det.
981 4085 1079 4151 Unde
1111 4085 1264 4171 seqnitur
1289 4085 1327 4150 in
1349 4084 1471 4152 Sabini
1491 4103 1544 4148 re-

401 4367 418 4432 ¹)
437 4366 509 4421 Mus.
526 4367 615 4423 Rben.
634 4367 708 4422 1843.
726 4384 752 4435 0.
765 4367 816 4422 138
825 4381 883 4434 000.
903 4371 932 4421 01
949 4366 1018 4420 1845
1035 4382 1061 4434 p.
1075 4366 1132 4421 144.

399 4449 421 4518 ²)
439 4449 515 4506 Edit.
534 4451 614 4507 Orid.
632 4451 816 4521 00001010.
835 4451 865 4506 in
883 4451 1119 4508 adnotatiuncula.
