3450 5242
329 545 451 629 potest,
475 561 542 629 qno
563 543 666 609 modo
687 544 816 610 iactum
838 543 895 626 sit,
917 547 957 610 nt
976 543 1040 611 illa
1061 544 1180 630 gravis
1201 544 1422 632 interpolatio
1443 545 1479 610 in
1500 565 1553 611 co-
1675 498 1676 545 F

329 656 439 723 dicem
460 655 769 722 Francofirrtanum
802 656 974 740 irreperet.
1018 656 1144 721 Emere
1171 656 1335 722 nimirum
1357 657 1554 741 apographi,

329 785 406 833 cum
431 767 559 851 „t'ugitt‘
581 785 654 852 -prc
676 785 716 832 eo
745 766 836 852 quod
859 768 912 832 eet
934 765 1051 852 ,figic‘
1086 766 1273 846 habuisset,
1307 767 1474 832 adductus
1506 769 1555 832 est
1676 800 1677 805 =

328 878 369 959 is,
392 877 452 964 qui
473 877 781 944 Francoimtanum
814 878 943 943 librum
975 878 1125 963 scripsit,
1158 880 1197 943 ut
1228 878 1423 944 intellectus
1455 896 1556 943 cause

329 989 519 1074 „Pyrrhae“
542 989 579 1054 iu
602 989 746 1070 ,mersi“
770 989 933 1054 audacior
953 991 1186 1055 commutaret
1230 988 1314 1055 Alia
1335 991 1449 1054 antem
1470 987 1557 1054 diffi-

328 1100 448 1166 cultas
482 1099 663 1166 Harleiani
700 1099 873 1185 scriptura
910 1100 1065 1166 munisse
1105 1099 1177 1164 iam
1220 1098 1310 1166 effici
1352 1098 1558 1164 Baehrensio

328 1211 475 1292 videtur,
509 1230 587 1277 oum
619 1215 699 1297 post
731 1214 865 1296 tempus
890 1229 1052 1296 praesens
1076 1209 1194 1294 ,figit“
1217 1210 1440 1296 subsequenti
1460 1228 1558 1275 versu

331 1322 483 1400 „levatus
496 1325 588 1388 eret“
612 1321 748 1406 legatur
759 1323 792 1405 ¹).
817 1320 895 1403 Qua
915 1325 954 1386 ut
976 1341 1013 1388 se
1034 1321 1217 1407 expediret,
1242 1321 1395 1401 „levatus
1410 1321 1504 1387 abib‘
1523 1320 1558 1385 in

328 1433 512 1518 archetypo
535 1433 701 1520 scriptum
723 1433 830 1500 fuisse
852 1433 1012 1519 opinatus
1035 1434 1131 1517 est2).
1160 1434 1290 1498 Atnou
1312 1433 1357 1498 ad
1379 1432 1561 1498 arbitrium
1677 1442 1679 1531 f

327 1544 423 1610 locus
457 1543 680 1629 corrigendus
714 1547 766 1610 est
797 1564 907 1630 neque
938 1544 1078 1609 omuino
1106 1543 1180 1610 ulla
1201 1543 1345 1610 mutatio
1367 1541 1560 1610 necessaria
1677 1536 1678 1575 ³

261 1723 264 1729 ,
328 1673 403 1722 esse
424 1655 511 1720 mihi
524 1654 677 1722 ‚vidam

358 1827 360 1832 ,
412 1765 517 1832 Poeta
549 1765 640 1832 euim
673 1765 786 1832 dicere
808 1766 918 1834 voluit
938 1766 1183 1832 Deucalionem
1217 1765 1346 1833 amoris
1377 1766 1460 1851 igne
1486 1768 1559 1830 tum

327 1877 478 1942 levatum
501 1896 583 1958 esse,
606 1896 682 1943 oum
707 1896 814 1963 aquas
837 1896 980 1962 corpore
1005 1879 1178 1962 presserat
1202 1879 1237 1942 et
1257 1880 1441 1962 antequam
1464 1895 1560 1942 amor

327 1991 466 2074 pectora
487 1967 639 2074 Pyrrhae
670 1987 800 2073 figeret.
845 1989 962 2073 Neque
993 1987 1056 2052 illa
1083 1990 1275 2073 temporum
1297 1989 1559 2074 praeteritorum

329 2119 386 2180 „se
407 2099 535 2178 misit“,
570 2100 736 2185 „pressit‘⁴
759 2103 793 2164 et
814 2099 1003 2188 praesentis
1038 2098 1155 2185 ,figir
1189 2099 1394 2166 vicissitudo
1425 2102 1560 2165 tantum

327 2211 428 2292 valet,
461 2214 501 2277 nt
522 2210 640 2297 aliqua
672 2211 909 2276 emendatione
936 2230 1029 2296 opus,
1045 2211 1100 2293 sit,
1122 2281 1127 2288 ,
1147 2209 1243 2292 Quae
1264 2211 1301 2276 in
1323 2211 1445 2276 ceteris
1468 2210 1560 2275 codi-

329 2323 425 2389 cibus
449 2323 616 2403 „iussus“‚
651 2321 815 2403 „iustus“‚
849 2321 988 2403 „visum
1009 2341 1072 2408 pro
1095 2325 1266 2403 „versus·‘,
1300 2325 1465 2402 „amans“
1497 2339 1559 2406 pro

330 2437 467 2514 „amor“
491 2435 524 2498 et
547 2431 776 2514 ,laetissima“
798 2452 862 2519 pro
891 2431 1122 2514 ,lentissima“
1145 2416 1306 2518 leguntur
1339 2436 1455 2517 aperte
1488 2451 1560 2496 cor·

327 2547 431 2630 rupta
452 2546 549 2630 snut,
583 2543 737 2628 „tetigit“
761 2546 884 2624 autem,
915 2544 1006 2628 quod
1028 2543 1133 2609 iidem
1155 2543 1238 2609 libri
1258 2544 1432 2630 praebent,
1455 2561 1561 2628 supra

327 2649 414 2721 illud
448 2653 568 2740 „figis
608 2654 645 2720 in
673 2654 857 2739 archetypo
890 2674 911 2719 a
942 2654 1049 2720 sciolo
1083 2655 1233 2741 quodam
1266 2655 1433 2741 scriptum
1463 2655 1560 2742 prius

327 2766 442 2848 fuisse,
472 2767 532 2853 qui
553 2766 599 2830 ad
620 2763 701 2830 Met
725 2765 787 2846 IX,
812 2769 876 2833 720
898 2785 1018 2848 „emor
1040 2765 1220 2831 ambarum
1241 2766 1357 2851 tetigit
1377 2767 1463 2832 rude
1483 2784 1559 2852 pec-

327 2881 405 2944 tus“
439 2876 658 2964 spectaverit,
702 2879 735 2942 et
760 2875 884 2942 deinde
915 2876 953 2942 in
985 2878 1081 2942 textu
1112 2877 1227 2943 locum
1265 2877 1455 2943 obtinuisse
1487 2873 1559 2941 veri
1679 2968 1680 2973 ἵ

328 2989 442 3056 simile
464 2991 523 3054 est.

414 3100 491 3166 Hoc
511 3099 588 3165 loco
610 3098 691 3164 licet
723 3099 902 3185 superiora
923 3098 1027 3164 etiam
1049 3099 1086 3164 iu
1109 3099 1302 3166 accuratius
1336 3119 1478 3166 examen
1501 3116 1558 3162 vo-

328 3230 416 3291 care,
440 3229 526 3296 quae
549 3230 570 3276 a
590 3210 800 3276 Baehrensio
822 3209 952 3275 iniuria
973 3210 1133 3276 mutilata
1155 3229 1229 3276 esse
1252 3209 1359 3275 video.
1402 3210 1559 3295 Plerique

330 3320 464 3386 codices
486 3341 539 3386 vv.
566 3324 733 3388 165-168
757 3321 970 3387 eishabent:

483 3451 618 3512 Phoebus
641 3453 678 3512 ab
700 3454 824 3525 excelso,
847 3457 987 3527 quantum
1008 3457 1099 3526 patet,
1122 3452 1228 3526 aspicit
1249 3469 1371 3526 aequor:

568 3554 722 3614 Actiacum
743 3554 842 3628 populi
863 3553 1099 3628 Leucadiumque
1121 3559 1237 3613 vocant.

483 3657 560 3716 Hinc
582 3674 614 3716 se
635 3657 796 3717 Deucalion
816 3657 949 3731 Pyrrhae
971 3655 1137 3716 succensis
1150 3673 1248 3716 amore

517 3793 520 3802 ,
568 3760 653 3820 Misit
675 3764 705 3818 et
725 3760 828 3819 illaeso
851 3775 973 3834 corpore
993 3760 1101 3833 pressit
1122 3772 1223 3833 aquas.

414 3891 481 3957 Pro
504 3896 711 3998 „quantum“
734 3891 1025 3959 Francofurtauus
1056 3892 1144 3958 liber
1170 3893 1352 3979 „quando“
1378 3891 1556 3958 lectionem

330 4002 477 4083 exhibet,
511 4022 579 4088 qua
611 4004 779 4070 adductus
812 4008 864 4071 est
896 4004 1135 4084 Baehrensius,
1169 4007 1207 4069 ut
1233 4008 1413 4089 „qnoqno“
1435 4017 1557 4088 propo

330 4114 465 4198 nerot³).
494 4111 577 4180 'Sed
599 4115 730 4181 nullam
752 4133 893 4182 causam
905 4115 1060 4196 invenio,
1085 4135 1146 4180 cur
1167 4115 1317 4200 optimae
1335 4113 1474 4181 lectioni
1488 4110 1556 4199 ple

416 4302 426 4336 1

414 4301 439 4538 i}
455 4301 700 4528 {laludjldcltisdnem
718 4387 803 4443 etiam
820 4387 904 4444 Vries
921 4388 1063 4456 amplexus
1080 4392 1131 4442 est.

322 4479 326 4488 ’
470 4513 476 4528 .
494 4473 512 4528 l.
530 4489 556 4541 p.
569 4473 610 4528 61.
