3450 5242
800 381 840 444 39

203 565 318 641 fuisse,
342 584 429 649 quae
451 567 529 629 Am.
552 564 597 646 H,
629 566 667 631 18
691 567 987 630 commemoratur.
1031 564 1216 631 Exstitisse
1243 565 1333 631 enim
1361 586 1436 631 eam

206 675 455 762 antiquissimis
476 674 689 760 temporibus
713 673 830 740 Ovidii
859 675 964 739 aetati
985 675 1153 760 proximis
1180 679 1281 762 atque
1306 680 1435 763 poetae,

205 790 265 874 qui
287 787 565 856 Consolationem
592 787 636 851 ad
662 785 798 851 Liviam
821 786 1023 872 composuit
1056 787 1234 852 materiem
1262 790 1436 873 artemque

207 899 340 984 aliquot
359 899 446 963 locis
470 897 684 982 suggessisse
705 897 775 962 iam
796 898 1018 963 ostendimus.
1056 897 1188 962 Deinde
1209 898 1246 963 in
1268 899 1435 964 orationis

206 1010 328 1090 colore,
352 1008 597 1075 sententiarum
619 1008 740 1073 ordine
763 1011 796 1073 et
818 1028 908 1073 nexu
928 1008 1062 1074 indoles
1085 1009 1235 1073 cernitur
1254 1008 1434 1075 Ovidiana.

204 1121 321 1206 Neque
348 1139 401 1200 ea,
435 1138 522 1204 quae
545 1119 666 1184 adres
692 1119 863 1202 mythicas
885 1119 1058 1204 pertinent
1079 1139 1100 1184 a
1120 1120 1271 1186 Nasonis
1303 1121 1436 1186 ratione

206 1232 318 1297 aliena
340 1233 420 1296 sunt
442 1233 582 1314 excepta
604 1229 825 1295 Deucalionis
847 1230 979 1311 fabula,
1013 1249 1099 1315 quae
1124 1233 1240 1296 tamen
1262 1231 1351 1296 nihil
1372 1231 1437 1295 im-

203 1342 300 1428 pedit
321 1360 388 1427 quo
410 1341 524 1405 minus
547 1340 672 1405 Ovidio
705 1340 820 1426 potius
847 1341 917 1425 ipsi
949 1360 1052 1426 quam
1083 1341 1251 1407 imitatori
1277 1343 1436 1427 cuiquam

204 1453 384 1533 tribuatur,
408 1471 484 1516 cum
507 1450 565 1515 ille
588 1451 624 1516 in
639 1450 767 1517 sabulis
791 1452 942 1536 antiquis
958 1452 1143 1536 plurimum
1166 1455 1322 1518 versatus
1337 1457 1434 1519 esset.

206 1562 378 1649 Scriptum
402 1561 542 1647 aliquod
557 1561 872 1627 Alexandrinorum
893 1563 1055 1628 habuisse
1069 1567 1206 1649 poetam
1230 1564 1275 1628 ad
1296 1584 1436 1629 manum

203 1675 241 1741 in
262 1675 329 1740 hac
343 1693 381 1738 re
395 1673 569 1738 narranda
583 1673 810 1759 probabiliter
825 1674 950 1739 statuit.
962 1673 1215 1759 Comparettius
1226 1677 1257 1759 ¹).
1281 1675 1436 1761 Denique

203 1805 351 1872 persona
373 1783 542 1868 Sapphus,
565 1784 616 1850 sic
637 1787 675 1849 ut
696 1785 733 1848 in
756 1784 823 1849 hac
845 1784 993 1870 epistula
1015 1784 1214 1870 depingitur
1227 1785 1436 1852 illustratur·

205 1916 284 1982 que,
319 1895 421 1960 etiam
445 1894 566 1960 ceteris
589 1894 770 1961 Ouidianis
796 1896 883 1960 locis
911 1896 979 1961 sibi
1007 1915 1141 1982 semper
1167 1900 1310 1979 constat,
1343 1898 1437 1963 velut

205 2009 247 2073 A.
271 2009 313 2072 A.
337 2007 400 2087 III,
424 2010 500 2074 331:

405 2147 485 2206 Nota
506 2147 547 2205 sit
568 2151 598 2206 et
619 2145 744 2220 Sappho,
756 2147 881 2220 -qnid
903 2146 980 2205 enim
1001 2147 1140 2207 lascivius
1161 2146 1234 2206 illa?

207 2279 308 2346 Trist.
332 2279 377 2359 Π,
402 2282 478 2346 365:

390 2420 497 2479 Lesbia
519 2419 587 2493 qnid
610 2419 710 2479 docuit
732 2418 860 2499 Sappho,
883 2420 941 2478 nisi
962 2436 1062 2480 amare
1084 2421 1204 2494 puellae,

205 2554 300 2620 Rem’
325 2557 402 2620 761⁹
452 2643 503 2701 Me
526 2648 606 2702 certe
627 2641 742 2716 Sappho
763 2643 914 2702 meliorem
934 2641 1007 2701 fecit
1029 2640 1183 2722 amicae2).

290 2776 390 2840 Nune
410 2778 593 2860 postquam
609 2777 642 2839 et
664 2793 705 2839 ea
727 2793 813 2859 quae
828 2774 874 2839 ad
889 2775 1058 2840 rationem
1072 2775 1252 2868 metricam
1266 2775 1437 2861 pertinent

97 2941 101 2956 .
206 2885 504 2973 pertractavimus,
538 2889 572 2949 et
604 2904 643 2950 ea
677 2903 763 2970 quae
785 2904 807 2948 a
833 2884 919 2950 viris
953 2884 1064 2951 doctis
1094 2884 1229 2950 obiecta
1261 2888 1341 2951 eunt
1371 2886 1436 2951 im·

205 2997 444 3085 pugnavimus,
467 2995 759 3080 operaepretium
782 2998 833 3066 est
853 2995 1040 3061 nonnullos
1067 2995 1161 3062 locos
1182 2996 1221 3060 in
1243 2998 1436 3062 accuratius

208 3129 350 3175 examen
371 3126 502 3173 vocare.

292 3219 402 3285 Versu
418 3224 437 3284 7
443 3239 451 3282 ε

445 3361 530 3434 „Hoc
551 3359 638 3420 breve
659 3360 802 3431 nescires,
826 3358 904 3418 unde
926 3363 1060 3418 movetur
1081 3362 1184 3433 opns“.

206 3496 348 3561 offendit
363 3514 430 3560 non
447 3493 558 3561 solum
573 3492 789 3574 indicativae,
813 3493 874 3558 sed
885 3492 1012 3557 locutio
1031 3492 1135 3557 etiam
1151 3491 1262 3572 „unde
1279 3495 1435 3557 movetur

206 3611 323 3693 opus“‚
352 3625 455 3690 quam
475 3605 569 3670 nullo
584 3608 700 3690 pacto,
724 3625 766 3687 „a
781 3624 848 3691 quo
864 3606 1046 3670 mittuntur
1059 3605 1215 3670 litterae“
1238 3603 1435 3690 significare

205 3737 306 3804 posse
328 3717 398 3781 iam
421 3715 699 3782 Schneidewinus
722 3717 887 3802 exemplis
910 3716 1074 3798 Amin,
1093 3723 1126 3798 l,
1149 3721 1182 3796 6;
1211 3717 1253 3780 Α.
1271 3715 1311 3780 Α.
1328 3716 1360 3796 Ι,
1376 3720 1433 3795 29;

206 3829 298 3894 Fast.
314 3827 377 3909 IV,
399 3828 463 3894 820
485 3825 570 3892 satis
585 3826 847 3908 demonstravit,
871 3827 931 3892 ubi
953 3847 1109 3908 „movere
1128 3829 1235 3912 opns“
1255 3845 1323 3890 non
1340 3826 1435 3891 aliud

99 3964 101 3970 ¹
207 3959 280 4006 esse
301 3939 370 4005 nisi
392 3939 580 4024 „incipere‚
604 3939 750 4024 agitare,
774 3938 920 4024 aggredi
942 3941 1059 4024 opns“.
1097 3937 1165 4003 Illa
1188 3939 1301 4002 autem
1323 3957 1435 4001 exem-

206 4052 274 4136 pla,
297 4070 384 4136 quae
404 4049 504 4115 Vries
532 4049 574 4114 ad
603 4051 763 4150 tuendam
792 4050 882 4115 hanc
909 4050 1090 4115 lectionem
1111 4067 1190 4134 pag.
1212 4051 1253 4115 37
1281 4067 1331 4132 sq.
1355 4067 1434 4112 con·

207 4162 327 4246 gessit,
351 4160 540 4226 defensioni
568 4161 683 4245 magis
711 4165 835 4227 nocent
856 4180 960 4246 quam
987 4160 1186 4225 inserviunt.
1231 4158 1308 4223 Non
1331 4159 1432 4239 enim,

296 4376 314 4442 Ι)
333 4375 352 4429 l.
371 4374 389 4427 Ι.
407 4373 517 4442 passim.
553 4375 587 4428 cf.
605 4373 675 4429 Birt.
694 4375 713 4429 1.
731 4375 750 4429 l.
768 4379 797 4428 et
814 4373 907 4429 Vries.
926 4374 944 4428 l.
963 4374 981 4427 l.
1000 4391 1026 4442 p.
1040 4373 1098 4427 146.

293 4461 315 4529 ²)
333 4460 368 4514 ct.
387 4459 555 4529 Comparett.
573 4460 592 4514 l.
611 4461 629 4515 l.
647 4477 673 4528 p.
686 4461 719 4514 21
738 4464 767 4514 et
783 4460 826 4514 40.
861 4459 954 4514 Vries.
972 4459 991 4513 l.
1009 4459 1028 4513 l.
1046 4475 1072 4527 p.
1087 4460 1144 4514 146.
