3450 5242
811 388 849 450 41

220 575 332 657 Quam
365 573 409 638 ob
439 593 511 637 rem
548 592 611 637 nec
644 572 846 638 Baehrensii
884 572 1078 637 coniectura
1114 571 1223 657 „elegi
1259 575 1360 638 sunt“
1382 592 1445 638 nec

219 685 345 751 Vriesii
371 684 511 768 „elegist
546 684 632 749 hoc“
667 683 869 769 accipienda
901 686 967 763 est,
1002 703 1077 748 cum
1105 686 1202 749 vetus
1227 683 1329 748 lectio
1356 683 1445 749 nihil

220 795 418 862 offensionis
440 795 574 861 habeat.

434 936 470 994 V.
486 936 560 994 156:
583 935 733 995 Hactenus
755 941 788 994 ut
810 935 907 994 media
929 940 1028 994 cetera
1048 941 1133 994 nocte
1155 936 1242 994 silent

221 1070 270 1136 sic
295 1070 460 1155 praebent
486 1068 620 1134 codices
647 1070 766 1154 exepto
794 1087 861 1133 uno
889 1067 1172 1148 Francofnrtano,
1208 1067 1267 1153 qui
1291 1086 1355 1153 pro
1389 1070 1448 1150 „ut

223 1181 358 1246 media“
386 1180 490 1244 habet
522 1179 580 1261 „iu
611 1179 754 1244 media“.
808 1178 961 1264 Utraque
986 1178 1087 1244 lectio
1113 1178 1197 1243 ferri
1223 1197 1292 1244 non
1317 1182 1445 1264 potest3

220 1312 301 1356 narn
316 1289 518 1356 Baehrensii
532 1289 777 1375 interpretatio,
802 1309 843 1354 ex
858 1309 927 1374 qua
941 1289 1079 1370 „omnia
1099 1328 1143 1338 -
1163 1290 1293 1355 Procne
1315 1293 1348 1354 et
1362 1288 1446 1376 Sap·

220 1403 290 1488 pho
324 1402 473 1487 exceptis
500 1439 542 1447 -
570 1404 747 1486 tamquam
776 1420 837 1486 per
864 1402 1013 1466 mediam
1040 1403 1174 1465 noctem
1195 1404 1340 1482 tacent“,
1363 1401 1446 1486 qnid

221 1512 289 1578 sibi
308 1513 392 1577 velit
412 1511 608 1596 intellegere
630 1531 699 1575 non
717 1530 860 1596 possum
883 1531 990 1596 neque
1011 1511 1181 1596 suspicari
1203 1512 1312 1577 audeo
1333 1508 1447 1576 virum

219 1623 357 1688 doctum
380 1622 492 1688 dicere
506 1621 655 1688 voluisse
670 1642 788 1688 omnes
810 1623 987 1707 strepitus,
1011 1622 1092 1687 dum
1108 1621 1247 1708 Sappho
1267 1625 1301 1687 et
1314 1622 1443 1702 Procne

220 1737 359 1814 canunt,
394 1733 493 1798 silere
520 1732 620 1819 quasi
647 1733 694 1798 sit
720 1734 833 1798 media
860 1753 938 1798 uox.
988 1732 1087 1800 Vries
1112 1733 1314 1799 Baehrensii
1341 1733 1459 1798 inter-⁴

220 1846 411 1931 pretatione
436 1845 583 1930 probata
612 1845 756 1910 ridicule
783 1845 880 1910 addit
902 1846 991 1910 diem
1019 1863 1093 1910 esse
1113 1846 1184 1909 iam
1207 1863 1228 1908 a
1248 1864 1350 1910 versu
1373 1848 1446 1925 135,

225 1956 324 2041 quasi
346 1955 486 2041 Sappho
508 1956 544 2021 in
568 1955 790 2021 describendo
818 1976 879 2022 suo
901 1955 1040 2021 turbido
1063 1955 1180 2021 dolore
1201 1955 1364 2040 temporis
1392 1975 1447 2020 or·

223 2068 336 2132 dinem
371 2067 581 2133 adamussim
615 2086 750 2132 servare
783 2067 965 2133 debuisset.
1014 2067 1156 2131 Noctem
1188 2066 1340 2152 profecto
1375 2085 1449 2141 esse

222 2179 373 2244 ostendit
393 2199 423 2242 v.
451 2182 511 2244 152
534 2198 611 2243 cum
634 2178 714 2242 Her.
730 2178 815 2259 X,8
839 2179 1048 2243 coniunctus.
1092 2179 1206 2244 Locus
1227 2177 1320 2242 haud
1343 2176 1445 2242 dubie

222 2290 344 2354 mendo
360 2288 510 2370 laborat,
535 2289 630 2354 cuius
652 2290 785 2354 medela
806 2293 844 2354 ut
865 2289 1073 2370 inveniatur,
1096 2288 1299 2374 proferenda
1320 2288 1358 2352 in
1379 2307 1448 2352 me·

221 2400 315 2465 dium
339 2403 418 2466 sunt
440 2400 581 2466 similia:

221 2511 301 2576 Her.
319 2511 376 2575 VI.
393 2516 433 2578 59
449 2532 528 2597 sqq:

378 2662 570 2742 „Abstrahon
593 2662 763 2736 Hypsipyle,
787 2662 838 2720 sed
861 2662 933 2720 dent
954 2661 1040 2720 modo
1062 2659 1125 2719 fata
1146 2676 1298 2719 recursus:

458 2765 513 2822 Vir
534 2769 603 2822 tuus
626 2765 695 2822 hinc
717 2765 799 2837 abeo,
823 2765 869 2822 vir
890 2764 946 2823 tibi
968 2780 1081 2837 semper
1103 2779 1163 2822 ero.

376 2866 460 2938 Quod
481 2873 580 2925 tamen
602 2884 618 2926 e
640 2866 724 2925 nobis
747 2867 869 2940 gravida
891 2867 1002 2925 celatur
1023 2867 1055 2924 iu
1076 2866 1151 2938 alvo,

460 2969 548 3028 Vivat
570 2973 600 3027 et
622 2969 752 3027 eiusdem
774 2970 864 3027 simus
886 2975 1008 3043 uterque
1029 2968 1167 3042 parens“.

374 3071 525 3130 Hactenus
548 3077 577 3130 et
598 3072 726 3130 lacrimis
749 3072 779 3129 in
801 3070 876 3130 falsa
898 3071 1069 3130 cadentibus
1092 3087 1145 3129 ora

462 3173 568 3232 Cetera
589 3179 618 3231 te
639 3174 759 3232 memini
780 3191 838 3233 nou
859 3175 990 3248 potuisse
1011 3174 1102 3247 loqui.

223 3314 262 3378 cf.
279 3314 371 3380 Fast.
388 3314 433 3394 V,
451 3319 522 3381 661.
558 3314 637 3379 Met.
653 3315 703 3396 Χ,
720 3318 791 3381 423.

308 3424 442 3506 Quibus
466 3425 632 3510 exemplis
647 3425 747 3490 facile
768 3425 937 3490 rationem
960 3424 1160 3489 concludere
1180 3423 1261 3489 licet
1274 3426 1354 3509 post
1376 3442 1446 3487 ver-

222 3555 298 3601 sum
320 3539 379 3603 155
398 3536 569 3602 distichon
591 3537 820 3618 intercidisse,
844 3555 911 3622 quo
923 3535 1063 3621 Sappho
1086 3555 1167 3602 suos
1182 3536 1332 3601 desertos
1355 3553 1449 3599 amo-

221 3667 275 3712 res
298 3647 412 3711 media
434 3651 532 3712 nocte
556 3648 725 3713 cantabat.
771 3646 997 3715 Scribendum
1020 3649 1072 3712 est
1092 3647 1214 3731 igitur:

427 3796 500 3854 155:
523 3796 594 3855 Ales
616 3797 683 3870 Ityn
706 3796 820 3871 Sappho
843 3797 975 3855 desertos
998 3802 1097 3855 cantat
1118 3813 1247 3855 amores:

425 3898 483 3956 156
492 3919 499 3955 :
524 3941 1248 3971 ...............

426 4001 500 4059 157:
548 4043 1246 4059 ..............
1251 4002 1269 4030 “

421 4102 480 4160 158
503 4103 652 4162 Hactenus
676 4110 703 4162 ct
724 4103 821 4162 media
843 4108 943 4161 cetera
964 4106 1049 4161 nocte
1072 4103 1168 4161 silent.

221 4243 276 4308 Ita
297 4245 387 4308 recte
408 4243 548 4329 ponitur
574 4248 649 4324 „et“
672 4246 751 4329 post
773 4243 990 4324 „hactenns“,
1019 4243 1108 4308 sicut
1128 4242 1214 4308 locis
1237 4261 1341 4328 snpra
1363 4242 1447 4308 alla-

221 4354 276 4420 tis.
333 4353 510 4420 Sententia
547 4358 660 4419 autem
700 4357 752 4420 est
783 4354 921 4419 haecce:
959 4352 1017 4421 Sic
1049 4356 1165 4419 cantat
1195 4351 1333 4440 Sappho
1367 4373 1448 4420 suos

223 4483 357 4530 amores
380 4469 413 4529 et
434 4469 544 4530 cetera
567 4465 669 4531 silent
690 4465 807 4531 media
828 4469 936 4530 nocte.

1277 4584 1295 4637 4
