3450 5242
788 372 829 437 23

195 577 332 645 sponso,
354 557 626 647 quod-amissum
641 555 807 638 dolemus,
833 559 983 622 amatam
1000 575 1076 622 eam
1096 555 1204 622 luisse
1224 555 1374 624 effictam
1396 561 1430 624 et

193 671 339 736 fortasse
375 669 479 736 etiam
515 669 637 734 iisdem
673 668 744 734 iere
779 667 896 733 verbis
933 671 1034 753 atque
1065 667 1238 734 Ouidiano
1270 667 1348 735 loco
1382 669 1427 734 ab

194 784 332 846 amante
353 779 673 860 commonefactum,
705 781 745 844 nt
776 782 894 844 votum
926 797 1027 844 suum
1059 779 1215 844 solveret.
1262 779 1369 866 Atqui
1389 778 1428 845 in

196 892 372 978 epistulae,
406 911 510 977 qnam
532 891 737 971 lectitamus,
770 888 928 956 versibus
952 892 1121 957 181--184
1145 889 1280 975 poetria
1300 890 1427 958 Lesbia

194 1003 265 1070 iam
286 1002 425 1070 Phoebo
446 1001 558 1088 lyram
584 1002 776 1088 posituram
803 1021 877 1068 esse
903 1021 941 1067 se
961 1001 1177 1087 pronunciat,
1209 1002 1271 1068 sed
1292 1021 1424 1084 causas,

194 1133 298 1201 quem
334 1114 379 1180 ob
421 1134 495 1180 rem
538 1114 576 1181 id
618 1113 752 1180 factura
784 1112 840 1193 sit,
885 1111 1165 1179 Schneidewinus
1195 1132 1266 1179 non
1309 1133 1427 1180 omnes

192 1225 376 1308 intellexit,
421 1244 630 1312 quamquam
672 1227 706 1290 et
745 1224 822 1310 ipss
863 1223 952 1290 alios
993 1224 1086 1310 quod
1127 1244 1197 1290 non
1239 1224 1427 1294 intellexis-

196 1339 272 1404 sent
304 1335 520 1422 vituperavit
555 1355 698 1421 quorum
730 1335 926 1420 ceteroquin
959 1336 1259 1422 interpretationes
1287 1356 1330 1402 ne
1360 1357 1425 1424 ego

194 1449 342 1535 quidem,
375 1451 493 1534 utpote
523 1465 611 1533 quae
642 1446 779 1533 ineptae
801 1447 882 1529 sint
918 1447 1141 1533 comprobare
1162 1465 1313 1534 possum.
1359 1447 1427 1516 Sed
1466 1434 1470 1438 ’

193 1559 396 1646 priusquam
423 1559 468 1625 ad
493 1559 566 1624 eius
595 1558 791 1644 opinionem
805 1557 1023 1625 refutandam
1038 1557 1267 1640 deveniamus,
1289 1579 1428 1628 necesse

195 1673 248 1737 est
268 1689 380 1756 pauca
401 1670 444 1734 de
466 1688 567 1736 versu
591 1673 652 1736 169
674 1668 819 1749 interim,
842 1688 943 1755 quem
966 1687 1069 1754 quem
1090 1669 1215 1735 misere
1228 1674 1427 1756 corruptum

194 1781 377 1847 novissimi
405 1779 552 1846 editores
585 1780 806 1860 servaverint
839 1779 927 1846 satis
959 1779 1086 1844 merari
1112 1782 1280 1865 nequeo¹).
1324 1780 1427 1847 Hunc

194 1893 284 1958 enim
307 1893 344 1957 in
366 1892 505 1958 modum
528 1889 683 1957 scribunt
704 1889 1015 1956 Franooiurtanum
1028 1890 1084 1956 vel
1103 1891 1362 1986 Naugerianum
1384 1892 1426 1958 li-

196 2004 296 2070 brum
318 2006 509 2089 sequentesz

397 2145 460 2204 Nee
481 2159 573 2216 mora,
596 2159 698 2202 versus
721 2159 804 2202 amor
825 2141 900 2217 fugit
921 2141 1083 2202 lentissima
1103 2143 1192 2201 mersi

481 2245 609 2306 Pectora
631 2289 639 2304 .
664 2289 671 2303 .
695 2288 703 2305 .
728 2289 736 2304 .

195 2379 361 2462 Quamvis
383 2379 443 2445 ille
465 2379 574 2444 codex
595 2378 748 2444 omnium
769 2380 904 2465 praeter
926 2381 1084 2465 excerpta
1104 2378 1364 2464 antiquissimus
1379 2378 1427 2446 sit

196 2494 229 2558 et
249 2491 437 2579 permultas
464 2489 613 2578 optimas
635 2490 797 2576 praebeat
818 2489 992 2571 lectiones,
1013 2491 1129 2556 tamen
1150 2489 1244 2556 haud
1259 2491 1334 2557 sine
1349 2512 1427 2557 cau-

196 2604 290 2670 tione
312 2602 526 2668 adhibendus
549 2603 610 2682 est,
644 2601 770 2688 quippe
791 2600 852 2686 qui
874 2599 919 2665 ab
947 2599 1269 2686 interpolationibus
1290 2621 1360 2667 non
1382 2602 1430 2669 sit

192 2714 399 2800 immunisq.
428 2713 556 2779 Nostro
576 2714 689 2778 autern
703 2713 779 2778 loco
801 2713 876 2798 ipse
897 2712 1143 2778 sententiarum
1165 2712 1250 2778 ordo
1268 2713 1427 2799 ratioque

194 2826 362 2892 medelam
399 2824 579 2892 desiderat.
635 2823 773 2890 Etenim
809 2827 1048 2908 praeterquam
1085 2822 1178 2908 quod
1213 2822 1427 2908 ineptissime

198 2955 315 3018 „amor
336 2935 511 3003 leatastmo
531 2938 671 3022 pectora
691 2934 829 3020 fugere“
853 2933 989 3014 dicitur,
1011 2932 1099 2998 illud
1114 2951 1247 3018 qnoque
1263 2939 1423 3016 „versus“

197 3046 292 3113 nullo
313 3050 413 3134 pacto
436 3049 592 3113 excutere
612 3044 703 3126 licet,
726 3044 810 3131 quid
832 3043 900 3110 sibi
921 3043 1013 3109 velit.
1058 3043 1168 3109 Taceo
1192 3044 1234 3108 de
1256 3045 1426 3111 sententia

194 3157 324 3224 insulse
357 3158 576 3246 subsequenti
607 3175 708 3222 versu
740 3155 894 3241 repetita.
939 3153 997 3220 Ad
1029 3154 1276 3220 restituendam
1308 3176 1425 3222 veram

192 3267 373 3335 lectionem
407 3268 536 3336 auxilio
569 3267 670 3335 nobis
696 3271 747 3334 est
767 3265 855 3333 liber
877 3264 1086 3332 Harleianus
1120 3285 1257 3333 versum
1289 3268 1426 3355 egregie

193 3379 244 3446 sic
266 3380 444 3446 exhibens:
1221 3388 1223 3393 '

389 3521 452 3582 Neo
473 3537 564 3595 mora,
587 3537 689 3580 versus
712 3536 795 3580 amor
815 3517 882 3594 figit
901 3519 1065 3579 lentissima
1085 3517 1217 3593 Pyrrhae

474 3624 630 3684 Pectora.
654 3667 662 3685 .
684 3667 693 3682 .
718 3667 725 3681 .

280 3753 452 3839 Fingendi
494 3756 636 3824 verbum
679 3754 788 3824 simili
830 3754 933 3821 modo
976 3753 1156 3839 usurpavit
1199 3751 1345 3820 Ovidius
1380 3756 1424 3821 A.

194 3865 238 3930 A.
261 3864 288 3946 l,
312 3869 368 3932 23:

421 3953 485 4026 Quo
507 3971 553 4013 me
574 3952 640 4014 fixit
661 3970 753 4029 amor,
777 3971 832 4029 qno
854 3971 901 4013 me
922 3952 1077 4012 violentius
1098 3953 1184 4011 ussit.

194 4087 236 4151 cf.
258 4087 338 4152 Am.
361 4087 496 4170 11,9,5
519 4090 554 4154 et
574 4087 698 4154 Tibull.
721 4087 767 4169 Π,
793 4093 821 4168 1,
846 4086 924 4172 71³).
958 4085 1057 4151 Nunc
1077 4083 1240 4171 perfacile
1261 4084 1428 4171 explicari

286 4291 308 4362 ¹)
325 4291 369 4347 Ne
387 4292 548 4362 Sedlmayer
564 4291 675 4361 quidem
691 4290 721 4346 in
739 4289 806 4346 edit.
823 4289 974 4346 novissime
991 4288 1137 4364 lectionem
1154 4289 1283 4345 mutavit

280 4378 303 4446 ²)
321 4377 356 4432 cf.
373 4378 523 4434 Baehrens.
542 4378 561 4433 l.
579 4379 598 4433 l.
616 4393 643 4446 p.
654 4377 697 4432 51.

279 4463 303 4529 3)
321 4462 357 4518 oi.
374 4463 465 4520 Vries.
484 4465 503 4520 l.
522 4464 541 4519 l.
559 4479 585 4532 p.
599 4463 649 4518 100
667 4465 697 4517 ot
715 4463 774 4516 133.
