3450 5242
767 350 805 410 11

175 540 304 605 iectura
324 537 429 621 feram
457 555 520 621 pro
548 510 620 618 'fero
653 531 848 618 reponentis
882 529 978 596 nulla
1011 528 1081 594 alia
1114 527 1316 594 difficultate
1346 549 1406 594 ex·

175 650 344 736 pedimur,
371 647 441 713 nisi
475 645 608 730 dispari
646 643 812 709 orationis
845 641 971 722 forma,
1010 660 1112 726 quam
1147 639 1300 726 alioquin
1332 641 1404 707 iam

174 762 351 826 senserant
385 757 445 844 qui
477 756 684 842 posteriores
715 754 824 820 iibros
852 754 1051 832 exararunt,
1086 751 1147 816 alii
1171 751 1233 817 sim
1264 753 1302 818 in
1331 775 1403 820 sam

172 874 358 941 mutantes.
383 869 444 941 alii
465 867 637 954 particula
658 887 718 950 qao
740 865 851 930 deleta
873 865 923 930 sio
945 863 1146 929 scribentes:

326 995 497 1054 Mensuram
518 993 601 1067 parvi
623 991 748 1050 nominis
770 991 835 1066 ipsa
856 987 931 1048 fero.

258 1109 376 1175 Prima
397 1109 585 1174 mutatione
606 1106 716 1172 futilis
738 1105 876 1172 iteratio
898 1123 968 1169 non
988 1103 1136 1181 tollitur3
1161 1102 1307 1168 alteram
1329 1121 1404 1168 cor-

173 1221 359 1287 rectionem
374 1219 404 1286 si
420 1219 683 1298 animadvertas
700 1215 840 1302 Sappho
855 1215 955 1295 male,
976 1234 1019 1278 ne
1034 1214 1147 1279 dicam
1162 1213 1315 1295 ridicule,
1330 1234 1404 1280 rem

175 1351 272 1400 suam
293 1331 363 1415 egit
378 1331 514 1396 brevem
530 1328 684 1415 corporis
700 1328 858 1392 habitum
875 1325 1041 1392 brevitate
1055 1323 1205 1390 nominis
1226 1325 1276 1390 sio
1290 1325 1404 1391 defen·

175 1444 270 1509 dens:
300 1462 362 1523 „ne
383 1461 438 1506 me
460 1440 645 1526 despicias,
675 1439 705 1505 si
732 1459 807 1505 sum
832 1437 959 1504 brevis:
989 1456 1102 1502 meum
1124 1455 1259 1522 qnoque
1279 1455 1403 1503 nomen

175 1553 275 1619 breve
297 1556 378 1619 est“.
416 1553 446 1617 E
469 1551 641 1617 contrario
656 1570 712 1616 res
728 1549 855 1636 optime
870 1568 908 1614 se
923 1548 1028 1613 hahet
1048 1547 1086 1612 in
1108 1547 1216 1613 altero
1238 1547 1402 1614 disticho:

328 1685 398 1743 Sum
419 1684 530 1758 brevis,
554 1684 592 1743 ad
614 1700 732 1756 nomen,
757 1682 833 1757 quod
855 1687 952 1741 terras
973 1682 1093 1756 impleat
1113 1695 1226 1755 omnes,

370 1787 426 1844 Est
446 1787 533 1845 mihi:
557 1803 724 1846 mensuram
745 1786 870 1844 nominis
892 1785 957 1860 ipsa
977 1783 1051 1843 fero.

176 1901 216 1968 cf.
239 1902 332 1968 Fast.¹
355 1902 385 1982 I,
409 1907 486 1970 603:

327 2027 450 2100 Magne,
473 2031 556 2085 tunm
578 2043 684 2085 nomen
705 2042 804 2084 rerum
826 2030 872 2084 est
892 2041 1029 2084 mensura
1049 2030 1176 2084 tuarum.

175 2146 208 2207 et
231 2162 272 2208 ex
293 2142 390 2207 Pont.
413 2141 444 2221 I,
469 2145 502 2222 2,
529 2148 562 2208 1:

327 2265 472 2338 Maxime,
497 2266 546 2338 qui
568 2266 645 2323 tanti
667 2281 832 2324 mensuram
853 2264 978 2322 nominis
999 2263 1112 2338 imples

176 2389 313 2455 Metam.
337 2389 423 2469 XII,
447 2393 524 2454 612:

325 2513 366 2572 At
388 2514 474 2586 vivit,
498 2518 592 2572 totum
615 2529 689 2586 quae
712 2513 806 2587 gloria
828 2513 972 2585 compleat
994 2510 1108 2572 orbem:

326 2616 409 2674 Haeo
431 2616 475 2673 1111
497 2632 633 2674 mensura
655 2615 718 2674 viro
741 2615 908 2690 respondet.
932 2620 988 2673 661.

258 2717 357 2814 thies
381 2750 494 2813 autern
516 2768 585 2813 non
615 2748 726 2833 specie
752 2750 888 2813 tanturn
912 2748 1202 2832 pentametrorum
1225 2765 1404 2832 propemo-
1526 2778 1530 2785 ·

174 2861 256 2924 dum
278 2859 428 2943 aequali,
457 2859 642 2925 sedetiam
668 2859 731 2923 illa
751 2857 891 2923 inficeta
912 2857 1062 2922 nominis
1085 2860 1118 2922 61
1139 2859 1291 2922 staturae
1313 2877 1405 2924 com·

173 2969 351 3055 paratione
373 2969 501 3053 pariter
527 2968 691 3049 offensus,
719 2969 769 3034 ita
795 2988 873 3054 pag.
898 2972 939 3036 50
961 2987 1011 3053 sq.
1037 2967 1240 3053 disputavit,
1269 2971 1307 3033 61
1334 2972 1403 3034 sta·

175 3083 284 3146 tuerat
305 3080 490 3165 genuinum
506 3080 644 3165 quidem
661 3099 734 3146 esse
755 3080 928 3145 distichon
943 3083 1114 3159 33⁸-34·‚
1137 3098 1274 3145 versum
1288 3082 1404 3145 tamen

174 3195 228 3259 34·
260 3191 358 3257 foede
392 3211 465 3257 6666
498 3193 710 3276 corruptum,
745 3191 869 3276 quippe
895 3193 932 3256 in
962 3210 1028 3276 quo
1057 3192 1146 3256 esset
1167 3191 1339 3275 agendum
1361 3192 1404 3256 de

172 3303 339 3369 brevitate
354 3322 423 3368 nen
439 3301 589 3368 nominis
606 3302 667 3368 sed
690 3302 856 3387 corporis,
880 3305 918 3366 ut
933 3303 1031 3368 docet
1051 3322 1083 3366 v.
1107 3303 1147 3370 33
1176 3301 1247 3383 ,ubi
1263 3301 1402 3389 Sappho

173 3416 360 3480 concedens
382 3433 526 3499 parvam
554 3413 622 3480 sibi
653 3432 726 3479 esso
754 3415 928 3479 staturam
962 3414 1146 3479 exclamat:
1183 3435 1256 3479 sam
1288 3412 1402 3480 166616·

174 3529 210 3588 61
232 3545 350 3592 comen
376 3524 448 3590 cet’
493 3525 545 3590 De
570 3525 812 3590 totius-autem
838 3525 908 3590 loci
929 3524 1112 3605 sententia,
1136 3543 1224 3610 quae
1245 3524 1329 3590 olim
1350 3525 1403 3589 in-

173 3637 270 3719 tegro
292 3655 394 3701 versu
416 3635 598 3716 exstiterit,
626 3636 711 3701 haec
738 3636 859 3702 statuit
881 3635 935 3700 vir
957 3637 1092 3702 doctus:
1128 3635 1229 3716 „Noli
1250 3638 1305 3700 'me
1327 3636 1403 3703 des·

173 3745 298 3830 picere,
332 3747 424 3831 quod
457 3766 534 3812 sum
570 3765 711 3832 corpore
747 3767 869 3832 parva,
902 3747 971 3812 acti
1002 3747 1172 3832 inpertiam
1203 3768 1310 3812 meam
1340 3768 1404 3812 me·

175 3856 232 3921 tiri
259 3877 298 3922 ea
324 3856 442 3922 humili
468 3877 539 3922 mec
565 3862 700 3922 6161666.
752 3857 903 3943 Corpore
936 3877 1012 3923 sum
1036 3857 1174 3942 exiguo,
1201 3855 1320 3938 fateor,
1343 3857 1404 3922 sed

173 3986 297 4032 nomen
329 3968 416 4032 mihi
450 3971 501 4034 est
533 3987 697 4053 magnum
731 3971 763 4033 et
797 3969 963 4054 amplum,
998 3967 1111 4053 gloria
1143 3987 1220 4032 mea
1242 3986 1305 4053 per
1330 3986 1402 4032 om-

172 4097 250 4143 nem
264 4081 433 4144 terrarum
448 4079 566 4144 orbem
582 4082 634 4144 est
657 4078 842 4145 celebrata:
867 4079 951 4144 haec
973 4082 1024 4143 661
1045 4097 1220 4160 mensura,
1243 4097 1312 4164 qua
1331 4097 1402 4143 me-

170 4189 231 4253 tiri
253 4207 308 4254 me
331 4189 462 4254 debes“.

255 4298 322 4367 Sed
348 4299 446 4364 issam
472 4301 690 4381 sententiam,
718 4320 805 4386 quae
830 4300 945 4366 versui
968 4299 1221 4368 ascribamur:
1255 4299 1323 4395 6611
1349 4299 1401 4365 io·

167 4411 301 4495 pentum
332 4432 438 4478 666666
466 4412 574 4477 metiri
606 4432 645 4477 66
677 4411 794 4478 hemaii
826 4431 897 4477 mec
928 4415 1056 4477 6161666
1088 4410 1132 4475 ab
1166 4409 1239 4476 eius
1276 4409 1399 4491 forma,
