3450 5242
792 371 830 436 31

194 577 299 624 unum
311 556 414 624 modo
436 555 554 622 cretici
568 554 644 622 elisi
656 554 848 640 exemplum
860 554 990 648 legitur
1000 553 1081 620 Her.
1095 553 1190 634 VIII,
1202 559 1241 621 71
1265 552 1426 635 „Castori

194 667 382 753 Amyclaeo
394 667 452 752 ¹)“3
473 667 557 732 item
579 667 685 734 semel
698 665 805 751 longa
825 665 862 730 in
879 665 987 732 altera
1000 667 1099 750 parte
1118 665 1324 750 pentametri
1339 664 1426 732 elisa

195 782 247 846 est
267 780 349 844 Her.
372 778 470 860 XJX,
496 781 565 846 178.
600 781 712 858 „certe
739 782 834 864 ego“.
879 776 1027 844 Laxiore
1058 776 1167 862 igitur
1197 775 1424 863 liberioreque

195 893 268 956 erte
288 909 372 958 usus
394 892 446 956 est
468 889 623 969 Ovidius,
657 908 761 974 quam
788 908 875 974 ques
896 887 1069 955 similibus
1101 887 1267 973 exemplis
1292 907 1425 974 semper

195 999 394 1068 confirmari
414 1000 533 1086 possit.
576 1000 817 1086 Impeditiores
840 999 978 1086 quidem
993 998 1162 1080 elisiones,
1184 999 1216 1065 si
1236 1001 1351 1065 ratum
1373 1003 1426 1067 est

194 1133 307 1178 meum
338 1111 514 1192 iudicium,
549 1114 698 1197 appete
725 1111 963 1191 admittuntur,
996 1129 1074 1177 oum
1106 1110 1236 1177 vocalis
1266 1110 1426 1178 elidenda

195 1223 313 1289 eadem
335 1222 382 1288 sit
403 1227 504 1310 atque
526 1241 566 1288 ee
591 1243 668 1290 eum
692 1242 760 1308 qus
780 1223 930 1307 iugatur.
974 1221 1051 1288 Hae
1076 1221 1153 1306 lege
1177 1240 1246 1287 non
1267 1225 1424 1290 nostrum

194 1334 297 1400 modo
318 1334 432 1401 locum
454 1333 621 1421 explicari
641 1334 815 1420 possimus
838 1334 898 1400 sed
920 1333 1025 1398 etiam
1046 1333 1110 1399 illa
1130 1332 1323 1419 singularia
1343 1335 1422 1399 Am.

193 1446 239 1526 II,
266 1449 315 1525 13,
332 1450 374 1513 24
396 1444 524 1526 ‚doram
547 1449 658 1523 ante“,
681 1445 762 1510 Met.
778 1444 842 1525 III,
859 1449 922 1512 517
944 1444 1104 1529 „quidem
1120 1451 1215 1529 ego‘,
1238 1444 1424 1511 Her.XIX

196 1559 257 1626 178
279 1559 393 1638 „certe
414 1560 509 1642 ego“,
534 1556 613 1624 Her.
630 1557 674 1637 X,
697 1559 739 1624 86
762 1555 934 1637 ,insulam
955 1556 1124 1639 ament²)“
1139 1555 1240 1622 Trist.
1254 1556 1314 1637 IV,
1330 1561 1359 1639 2,
1383 1561 1425 1624 54
1551 1617 1555 1627 .

194 1667 374 1750 „resistere
395 1670 530 1752 equos“.
542 1704 586 1714 -
606 1667 809 1752 Nuperrime
831 1667 954 1732 misere
974 1666 1149 1733 mutilavit
1166 1685 1303 1734 versum
1324 1666 1424 1734 Vries

193 1777 467 1864 interpunctione
489 1796 622 1863 quoque
643 1781 776 1844 mutate
796 1776 848 1844 ita
869 1777 1029 1861 legeneb:

484 1911 552 1970 Non
573 1915 608 1968 ut
628 1926 708 1969 emes
730 1925 782 1969 oro
804 1925 901 1968 serus:
925 1925 1022 1968 emere
1043 1910 1131 1970 sinas.

279 2051 369 2116 Nam
390 2053 627 2136 praeterquam
650 2051 742 2136 quod
765 2055 904 2131 „serus“
927 2053 1007 2137 apto
1030 2069 1133 2117 sensu
1154 2053 1248 2116 earet
1269 2052 1424 2118 minime·

195 2183 260 2249 que
283 2163 421 2228 adrem
442 2162 574 2227 faciunt
595 2161 760 2246 exempla,
784 2181 871 2246 quae
885 2161 940 2226 vir
962 2162 1081 2226 doctus
1105 2159 1229 2242 attulit,
1252 2163 1424 2248 oppositio

193 2293 328 2360 quoque
350 2271 572 2339 desideratur.
596 2271 637 2338 cf.
661 2271 742 2338 Her.
766 2271 825 2352 IV,
850 2277 927 2351 1243
950 2271 1119 2352 V11,1c4;
1142 2271 1424 2356 1101111130.

195 2385 296 2468 Quod
320 2384 364 2450 ad
385 2403 521 2450 versum
544 2383 625 2450 Her.
641 2384 668 2464 I,
686 2387 715 2464 2,
738 2383 895 2470 pertinet,
918 2402 985 2469 quo
1000 2382 1096 2448 illam
1117 2383 1424 2470 interpunctionem

194 2495 374 2562 defendere
389 2498 530 2560 conatus
546 2497 607 2576 est,
631 2514 693 2580 ego
709 2494 846 2580 quidem
861 2513 1002 2580 prorsus
1020 2493 1121 2559 aliter
1139 2495 1263 2561 iudico.
1287 2495 1424 2562 Etenim

192 2607 252 2673 ille
273 2606 468 2672 Palmerum
490 2625 633 2692 sequens
657 2605 707 2671 110
730 2604 870 2671 scribit:

468 2738 519 2798 Nil
539 2738 611 2797 mihi
632 2737 777 2798 rescribes
799 2744 833 2796 ut
854 2743 965 2797 tamen:
988 2739 1052 2813 ipse
1073 2739 1148 2798 veni.

199 2881 256 2946 ubi
276 2881 427 2948 maxime
440 2879 686 2966 vituperandus
701 2882 753 2946 est
774 2879 860 2944 ordo
882 2879 1064 2944 verborum
1078 2879 1249 2946 insolitus.
1294 2879 1424 2949 Contra

198 2993 317 3077 optimi
338 2992 421 3059 libri
442 2991 585 3077 optime:

471 3123 521 3184 Nil
542 3123 615 3182 mihi
635 3122 790 3196 rescribas,
814 3128 845 3181 ct
868 3129 967 3182 101101
988 3123 1051 3197 ipse
1073 3124 1148 3182 veni.

192 3266 230 3331 in
253 3285 319 3352 quo
341 3263 509 3331 versiculo
532 3264 744 3329 emendando
765 3263 895 3328 frustra
916 3282 953 3328 se
973 3266 1147 3329 torserunt
1167 3263 1234 3330 viri
1251 3265 1343 3332 docti
1364 3270 1425 3348 „tu

193 3380 321 3443 tamen:
354 3377 460 3463 ipse“,
495 3379 680 3457 „attamenz
714 3375 819 3460 ipse“,
854 3377 914 3455 „ut
944 3378 1073 3439 tamen:
1107 3375 1212 3460 ipse“,
1241 3376 1310 3442 alia
1346 3397 1424 3462 pro·

193 3491 365 3574 ponentes.
412 3487 473 3554 Sui
495 3487 586 3553 enim
619 3486 852 3552 moderatione
873 3486 981 3551 utitur
1001 3485 1168 3572 Penelope
1194 3487 1231 3552 in
1253 3490 1422 3572 rogando:

192 3598 311 3680 „nihil
335 3599 456 3684 inquit,
479 3598 761 3678 111111010111101,
784 3601 947 3663 nontam
970 3597 1114 3662 multum
1137 3597 1223 3663 mihi
1237 3599 1362 3680 tribue,
1385 3606 1425 3666 ut

193 3729 395 3796 responsum
428 3729 450 3774 a
474 3712 509 3774 te
536 3713 690 3794 expetere
711 3709 852 3795 possim,
887 3713 923 3774 at
951 3708 1029 3773 veni
1061 3712 1177 3774 tamen
1203 3709 1352 3792 domum,
1385 3717 1426 3777 ut

193 3825 272 3886 tuas
305 3839 386 3906 opes
413 3837 596 3904 procorum
617 3819 803 3885 multorum
832 3819 991 3885 aviditati
1018 3820 1143 3904 eripias
1171 3821 1214 3902 (V.
1239 3823 1309 3906 90);
1343 3841 1423 3888 nam

280 4036 301 4098 ¹)
321 4031 508 4100 Eseheuburg.
528 4032 547 4086 l.
567 4031 587 4086 l.
605 4049 631 4101 p.
643 4035 670 4088 3.

280 4117 303 4184 2)
322 4117 355 4171 11
381 4117 492 4186 vulgari
513 4118 594 4172 huius
618 4133 714 4174 versus
738 4117 856 4173 lectione
878 4116 990 4172 minime
1015 4117 1240 4184 eoqmescendum
1266 4124 1310 4174 est
1334 4135 1424 4187 neque

194 4200 737 4272 1111011111111101101101011101011.
772 4203 921 4272 Scripsisse
938 4207 1048 4272 poetam
1065 4218 1174 4258 censeo:
1203 4203 1289 4273 ,Quis
1311 4204 1364 4260 soit
1387 4222 1424 4260 au

193 4288 263 4342 hene
290 4285 375 4340 etiem
401 4286 519 4356 tigrides
545 4287 666 4343 insulem
692 4294 809 4344 ement.“
847 4288 925 4358 Quae
947 4288 1103 4343 coniectura
1126 4288 1215 4343 codice
1237 4289 1366 4344 Parisino
1393 4296 1424 4345 et

195 4373 349 4442 fragmento
367 4371 574 4428 vindobonensi
592 4373 759 4442 comprobari
775 4374 895 4429 videtur.

279 4458 517 4527 bllpwm.
673 4463 675 4467 ’
