3450 5242
936 371 974 432 16

422 550 526 615 Haud
559 550 692 617 firmius
726 556 966 636 argumentum
993 553 1048 618 vir
1076 555 1196 620 doctus
1218 558 1331 640 patara
1353 557 1498 621 conatus
1521 559 1572 622 est

340 681 382 726 ex
404 661 554 728 eiusdem
576 664 697 746 poetae
719 663 966 748 epigrammate
986 665 1096 732 XCII.
1108 667 1141 749 ¹),
1172 665 1233 730 ubi
1255 663 1408 752 δυσέρωτι
1435 665 1572 731 cuidam

336 793 435 860 opem
469 776 570 860 atque
603 775 769 840 auxilium
801 775 931 861 petenti
952 775 1067 842 Venus
1094 776 1195 862 plura
1223 776 1368 843 consilia
1397 778 1459 842 dat
1481 777 1571 843 salu-

336 884 435 966 taria,
470 904 557 970 quae
590 905 667 950 cum
695 885 783 951 nihil
810 885 975 953 adiuvare
1001 887 1144 972 possint,
1179 889 1278 953 varia
1299 888 1423 954 mortis
1446 908 1572 973 genera

335 994 387 1061 sic
409 996 440 1059 ai
462 997 679 1061 commendat
699 1016 753 1060 vv.
780 1003 817 1063 11
842 1015 932 1083 sqq:

465 1145 550 1203 Suasi
574 1145 651 1218 quod
672 1147 771 1219 patui:
794 1151 827 1204 tu
849 1147 924 1204 alios
946 1146 1032 1205 modo
1056 1148 1182 1206 consule.
1204 1180 1247 1191 —
1268 1148 1326 1206 Dic
1348 1130 1444 1224 quos?

465 1281 508 1290 -
531 1247 616 1318 Quod
638 1247 696 1306 sihi
718 1255 883 1322 suaserunt,
907 1250 1042 1308 Phaedra
1064 1255 1094 1308 et
1116 1250 1216 1309 Elissa
1237 1250 1358 1324 dabunt,

465 1349 550 1420 Quod
574 1348 688 1409 Canace
710 1351 879 1424 Phyllisque
903 1357 933 1409 et
954 1350 1088 1411 fastidita
1110 1346 1233 1412 Phaoni.

422 1488 491 1571 Qui
522 1489 632 1569 locus,
667 1512 744 1557 cum
778 1492 895 1557 omnia
922 1512 1009 1577 quae
1031 1493 1183 1558 continet
1203 1493 1409 1559 feminarum
1431 1494 1573 1559 nomina

336 1600 517 1666 Ouidianis
551 1601 707 1687 epistulis
741 1603 909 1688 inscripta
941 1603 1132 1685 videamus,
1165 1604 1315 1669 maxime
1340 1605 1499 1672 lubricus
1522 1609 1575 1670 est

335 1710 501 1796 facileque
522 1711 558 1776 in
582 1732 732 1778 errorem
752 1713 915 1779 inducere
935 1714 1105 1800 legantem
1128 1717 1250 1800 potest,
1288 1719 1326 1780 ut
1359 1717 1480 1801 credat
1514 1736 1572 1782 eas

336 1841 456 1888 omnes
477 1822 609 1908 puellas
633 1843 674 1888 ax
697 1823 821 1889 Ouidio
844 1825 921 1909 ipso
944 1826 1164 1911 depromptas
1187 1846 1270 1892 esse.
1316 1826 1384 1893 Sed
1406 1829 1572 1912 quoniam

334 1934 400 1998 hoc
422 1953 555 2019 quoque
580 1933 656 2000 loco
685 1935 727 2000 da
753 1937 865 2001 morte
885 1935 1045 2022 Sapphus
1071 1937 1339 2020 intellegendum
1366 1941 1431 2020 ast,¹
1454 1940 1571 2025 potius

338 2044 541 2110 crediderim
565 2046 758 2110 Ausonium
782 2046 888 2112 alium
911 2048 1113 2134 scriptorem
1137 2067 1210 2114 esse
1231 2048 1395 2126 secutum,
1422 2050 1571 2117 fortasse

246 2179 249 2184 ·
336 2156 531 2241 quempiam
558 2155 886 2239 Alexandrinorum,
914 2179 999 2244 quos
1028 2159 1065 2224 in
1090 2158 1219 2224 fabulis
1245 2161 1437 2227 tractandis
1466 2182 1571 2248 quam

334 2267 604 2350 ingeniosissimi
625 2267 751 2333 fuerint
773 2271 890 2356 notum
908 2273 967 2336 ast.
1007 2268 1103 2351 Quae
1125 2269 1156 2336 si
1174 2273 1266 2336 recta
1281 2271 1457 2357 disputata
1479 2276 1569 2353 sunt,

336 2396 461 2462 anceps
484 2377 526 2441 de
548 2378 656 2443 saltus
679 2379 771 2444 exitu
793 2377 886 2443 fama
908 2379 992 2445 olim
1014 2400 1173 2446 manasse
1187 2381 1333 2462 videtur,
1360 2402 1571 2470 quamquam

337 2489 379 2554 de
401 2489 468 2554 hac
489 2509 526 2554 ra
547 2492 677 2554 veteres
701 2493 866 2570 anchorae,
901 2491 961 2575 qui
990 2492 1033 2555 ad
1062 2495 1218 2557 nostram
1241 2494 1387 2558 aetatem
1409 2514 1570 2580 pervene-
1689 2531 1691 2534 >

334 2603 423 2680 runt,
447 2599 536 2665 nihil
558 2600 642 2665 certi
664 2600 850 2665 memoriae
871 2603 1022 2666 tradunt.
1068 2602 1109 2667 In
1125 2603 1308 2669 Menandri
1324 2605 1464 2689 quidam
1477 2606 1572 2691 frag·

337 2713 462 2793 mento,
486 2713 578 2798 quod
594 2731 614 2776 a
629 2711 798 2778 Strabone
811 2712 856 2791 X,
873 2717 936 2779 452
952 2716 1124 2778 servatum
1141 2716 1202 2794 ast,
1225 2714 1310 2780 haec
1330 2718 1570 2782 tantummodo

336 2843 550 2909 nequaquam
573 2823 695 2889 mortis
718 2823 773 2887 val
795 2823 918 2889 salutis
941 2825 1113 2890 mentione
1134 2825 1226 2891 facta
1246 2826 1444 2892 traduntur:
1457 2829 1486 2913 ²)

641 2967 680 3034 οὗ
702 2966 742 3054 δὴ
764 2968 889 3050 λέγεται
910 2968 1020 3055 πρώτη
1041 2969 1171 3054 Σαπφὼ
1244 3022 1247 3030 .

643 3081 701 3145 τὸν
722 3080 931 3166 ὑπέρκομπον
952 3083 1086 3167 θηρῶσα
1109 3081 1221 3146 ‘Drior’

643 3192 807 3274 ciocpoivac
828 3193 929 3276 πόθῳ
952 3191 1049 3280 ῥίψαι
1070 3196 1190 3278 πέτρας
1216 3217 1219 3221 ’

538 3331 539 3334 “
639 3301 707 3365 α’πὸ
730 3301 1039 3387 salsamentariae
1061 3304 1131 3366 κατ’
1153 3304 1250 3390 εὐχὴν

643 3413 712 3496 σὴν,
735 3409 865 3476 δέσποτ’
888 3412 982 3490 ἄναξ,
1005 3413 1214 3498 εὐφημείσθω

645 3525 772 3605 τέμενος
794 3525 867 3606 περὶ
890 3521 1059 3598 Λευκάδος
1080 3525 1188 3609 α’κτῆς.

420 3666 537 3751 Neque
564 3665 703 3733 Servius
734 3665 981 3753 grammaticus
1010 3669 1051 3733 da
1077 3668 1144 3734 hac
1169 3690 1207 3734 ra
1233 3670 1334 3755 plura
1357 3663 1423 3738 >nos
1457 3674 1566 3752 docet,

337 3796 414 3843 cum
438 3778 482 3843 ad
504 3777 606 3862 Verg.
629 3781 714 3843 Aen.
738 3779 812 3860 ΙΠ.,
837 3784 900 3846 274
922 3780 1007 3844 haec
1029 3779 1164 3845 scribit:
1200 3779 1309 3860 ,Sana
1332 3783 1373 3847 de
1394 3783 1461 3850 hoc
1482 3785 1568 3848 Lau-

336 3891 410 3953 cate
447 3892 618 3954 amatores
652 3909 689 3955 sa
714 3891 751 3954 in
779 3909 875 3955 mara
908 3891 953 3978 ad
982 3889 1228 3956 excludendum
1256 3904 1407 3958 amorem
1439 3895 1569 3980 praeci-

336 3998 447 4084 pitare
481 3999 690 4082 dicebantur,
724 4002 763 4065 ui
791 3999 930 4086 Sappho
964 4002 984 4084 'q
1018 4021 1105 4087 quae
1132 4003 1186 4068 his
1214 4004 1294 4068 inda
1329 4004 1502 4084 desiluit“;
1536 4007 1569 4068 at

424 4273 443 4338 ¹)
462 4272 538 4327 Edit.
561 4272 687 4328 Schenkl.
705 4290 730 4342 p.
743 4274 803 4327 221.
832 4303 863 4312 -
891 4272 928 4327 cf.
947 4273 1038 4328 Vries.
1062 4275 1079 4328 l.
1099 4274 1117 4329 1.
1143 4292 1169 4342 p.
1187 4276 1246 4329 122.

422 4358 442 4424 2)
463 4358 608 4424 Sequimur
623 4375 752 4414 versuum
771 4358 893 4413 ordinem
911 4375 928 4412 a
945 4359 1072 4414 Bentleio
1090 4359 1164 4414 haud
1182 4361 1264 4416 dubia
1285 4367 1360 4416 recte
1378 4362 1567 4416 constitutum.

238 4459 240 4465 ’
338 4441 373 4496 cf.
390 4442 427 4497 A.
440 4441 573 4511 Mainake,
591 4444 736 4499 Menandri
754 4448 783 4498 et
800 4443 873 4498 Phil.
891 4442 1033 4511 reliquiae.
1051 4461 1077 4513 p.
1090 4445 1148 4499 105.
1167 4451 1196 4500 et
1214 4446 1304 4502 Vries.
1324 4447 1343 4502 l.
1361 4446 1379 4500 l.
1398 4463 1423 4515 p.
1437 4448 1495 4501 101.
