3450 5242
899 379 940 443 26

307 583 425 631 versus
448 564 560 645 etiam,
583 565 676 651 quod
696 583 867 631 summum
892 566 952 645 est,
976 582 1075 630 amor
1093 567 1232 651 pectora
1245 564 1396 631 Phaonis
1409 564 1534 645 fixerit,

305 675 591 762 quemadmodum
614 675 833 759 Deucalionis
856 695 955 741 amor
975 676 1012 741 in
1034 676 1203 761 Pyrrham
1223 675 1409 743 transierat
1427 676 1536 741 Naida

306 789 472 853 monente.
526 786 627 853 Hanc
664 788 753 852 enim
790 787 901 872 legem
937 786 1033 852 locus
1068 787 1128 852 ille
1163 786 1354 854 Leucadius
1388 788 1533 854 tenebat

305 899 422 984 Neque
454 897 593 984 Sappho
627 898 722 964 alind
744 897 928 984 quicquam
950 898 1127 964 ardentius
1160 899 1328 984 cupiebat,
1361 918 1465 984 qnam
1496 901 1536 964 ut

306 1012 494 1090 amaretnr3
532 1010 592 1076 sed
625 1010 807 1096 quominus
841 1010 1013 1108 nymphae
1035 1008 1218 1076 consilium
1239 1009 1398 1096 protinus
1419 1029 1536 1096 seque-

304 1124 408 1202 retur,
432 1124 466 1186 et
487 1120 615 1187 amoris
637 1139 698 1206 spe
718 1120 931 1207 indulgentis
953 1124 988 1186 et
1011 1120 1191 1187 desiliendi
1208 1125 1302 1187 metu
1316 1120 1535 1202 retinebatur,

305 1233 413 1298 donec
445 1231 489 1296 ab
522 1233 637 1297 amato
671 1231 852 1317 epistulam
887 1233 1064 1318 acciperet.
1117 1231 1215 1314 Quae
1247 1251 1324 1298 cnm
1358 1232 1454 1298 nulla
1484 1252 1537 1298 re·

305 1343 435 1430 scripta
468 1344 565 1423 esset,
600 1340 740 1428 Sappho
773 1343 869 1408 nullo
903 1346 1038 1429 praeter
1070 1342 1197 1409 saltum
1232 1344 1383 1411 remedio
1415 1342 1535 1409 relicto

305 1453 527 1541 praecipitem
561 1453 603 1518 de
635 1472 719 1539 rupe
752 1473 789 1520 se
817 1453 916 1520 misit
948 1473 1054 1540 eoque
1087 1454 1133 1519 ad
1160 1453 1335 1520 Phaonem
1368 1455 1537 1521 convertit

305 1583 465 1646 amorem,
499 1584 600 1651 quem
631 1567 751 1650 postea
777 1563 927 1632 Sabinus
960 1565 1185 1632 adumbrasse
1210 1566 1347 1632 videtur
1356 1567 1389 1650 ¹).
1434 1565 1537 1649 Quod

305 1697 382 1742 cum
404 1675 455 1742 ita
476 1676 532 1757 sit,
566 1691 668 1762 quam
692 1679 850 1742 accurate
872 1679 951 1742 Am.
974 1677 1021 1758 Π,
1047 1680 1096 1758 18,
1112 1681 1155 1744 34
1170 1696 1248 1743 cum
1275 1677 1440 1763 epistulae
1461 1699 1537 1744 ver·

304 1789 401 1856 sibus
426 1791 594 1855 lot-184
615 1788 806 1868 conveniat,
830 1791 956 1874 aperte,
978 1788 1016 1854 ni
1037 1789 1154 1854 omnia
1174 1787 1309 1869 fallunt,
1331 1809 1421 1856 nnus
1442 1791 1537 1876 quis-

305 1919 370 1986 que
401 1899 538 1984 videt2).
595 1899 762 1983 Loersii³)
796 1902 829 1964 et
862 1899 1068 1984 Welckeri⁴)
1105 1899 1351 1985 interpretatio,
1389 1919 1432 1966 ex
1467 1920 1537 1987 qna

304 2011 453 2078 Sabinus
471 2007 653 2076 'Phaonem
685 2010 819 2076 litteras
853 2010 1000 2076 blandas
1022 2010 1068 2075 ad
1089 2009 1307 2096 Sapphonem
1340 2011 1430 2077 salto
1451 2032 1537 2078 non-

306 2124 388 2189 dum
409 2124 605 2208 perpetrato
627 2121 833 2187 scribentem
854 2122 1004 2202 finxerit,
1040 2121 1240 2208 accipienda
1264 2126 1446 2208 propterea
1466 2143 1537 2190 non

308 2235 368 2314 est,
403 2232 485 2318 quia
507 2231 538 2298 si
570 2251 608 2298 se
639 2232 707 2298 isto
739 2234 842 2299 modo
863 2253 920 2300 res
952 2232 1139 2314 habuisset
1173 2253 1313 2300 cansam
1345 2236 1538 2321 perspicere

304 2343 531 2429 nequiremus,
554 2363 615 2408 cur
637 2341 777 2429 Sappho
798 2345 937 2410 Phoebo
957 2344 1070 2429 lyram
1091 2362 1218 2430 ponere
1238 2345 1420 2411 iuberetur.
1448 2346 1536 2414 Cum

303 2458 418 2522 autam
438 2453 596 2521 Phoebus
618 2455 768 2520 Leucadi
790 2458 964 2540 praeesset
985 2455 1162 2541 saltusque
1176 2456 1367 2523 Leucadius
1382 2477 1535 2524 amorem

304 2564 493 2633 desilientis
513 2565 552 2630 in
574 2564 681 2632 amati
702 2565 852 2631 hominis
873 2569 991 2651 pectus
1005 2566 1245 2632 translimdere
1259 2567 1393 2650 soleret,
1416 2587 1536 2637 versus

303 2681 381 2745 Am.
405 2677 450 2758 H,
476 2680 525 2758 18,
549 2680 591 2744 34
613 2694 681 2742 non
703 2677 806 2743 modo
822 2675 983 2762 Sapphus
1005 2677 1188 2761 epistulam
1202 2696 1394 2763 repugnare
1407 2681 1535 2765 nequit,

302 2808 421 2855 verum
453 2788 527 2874 ipse
560 2787 663 2854 etiam
697 2807 758 2874 per
780 2807 817 2854 se
839 2786 993 2873 alioquin
1014 2788 1181 2854 obscurus
1209 2789 1296 2855 satis
1328 2791 1480 2876 amplam
1503 2795 1537 2857 et

302 2900 461 2965 idoneam
495 2899 757 2984 explicationem
791 2899 834 2964 ab
868 2898 931 2963 illa
962 2901 1114 2987 repetere
1145 2899 1290 2982 videtur,
1323 2904 1362 2967 ut
1391 2900 1536 2967 alterum

303 3014 419 3077 utrum
442 3010 691 3076 admittendum
713 3009 828 3095 potius
850 3009 910 3075 sit:
945 3009 1018 3076 sive
1040 3009 1221 3096 epistulam
1245 3011 1288 3076 ab
1311 3010 1437 3078 Ovidio
1457 3013 1535 3098 ipso

304 3120 472 3206 originem
494 3121 639 3203 trahere,
664 3120 736 3187 sive
758 3119 937 3187 falsarium
959 3124 1128 3188 Amorum
1149 3120 1218 3186 loci
1232 3121 1401 3187 rationem
1415 3122 1536 3189 fraude

304 3231 481 3312 habuisse3
516 3252 597 3297 nam
631 3251 714 3298 casu
746 3232 955 3319 fortuitoque
986 3232 1024 3297 id
1057 3232 1209 3298 evenisse
1245 3231 1447 3317 perdifficile
1484 3236 1537 3300 est
1572 3229 1576 3236 “

303 3343 447 3408 credere.

373 3563 395 3631 ¹)
413 3563 494 3619 Unde
519 3562 587 3617 haec
611 3562 708 3618 fabula
734 3562 858 3631 profecta
879 3563 920 3618 sit
941 3561 1062 3632 quidque
1081 3563 1141 3618 reri
1157 3563 1272 3632 fictique
1289 3565 1442 3636 contineat,
1469 3572 1537 3622 sunt

304 3648 480 3719 quaestiones
506 3647 623 3702 maxime
649 3647 797 3716 impeditae
823 3653 908 3716 atque
929 3648 1011 3703 huius
1029 3648 1082 3704 loci
1099 3649 1200 3704 finibus
1218 3649 1362 3717 aliquanto
1379 3652 1536 3720 ampliores.

303 3734 399 3804 Neque
425 3734 498 3803 quod
524 3733 560 3787 ad
576 3732 755 3806 Deucalionis
778 3733 882 3789 saltum
903 3733 1027 3803 pertinet
1048 3734 1193 3802 quiequam
1218 3741 1329 3804 praeter
1354 3736 1427 3793 hunc
1448 3738 1536 3793 locum

303 3819 448 3875 memoriae
465 3818 603 3888 proditum
621 3822 672 3872 est.

389 3922 411 3988 ²)
429 3920 465 3977 cf.
483 3921 587 3988 Muhly.
605 3919 677 3975 Mus.
695 3920 785 3976 Rhen.
803 3936 866 3975 aun.
887 3921 954 3976 1854
970 3937 997 3990 p.
1008 3922 1068 3976 623.
1113 3914 1121 3930 ‘
1158 3899 1161 3903 ¹

389 4024 413 4092 ³)
429 4039 456 4079 v.
474 4023 546 4078 hius.
563 4011 653 4079 Rhen.
670 4039 734 4090 ann.
752 4023 821 4078 1846
838 4041 865 4091 p.
876 4025 919 4078 47.

392 4124 415 4194 ⁴)
433 4124 604 4196 Quamquam
621 4125 665 4180 vir
682 4125 778 4180 doctus
797 4125 901 4194 (kleine
917 4125 1058 4182 Schriften
1074 4132 1147 4195 part
1159 4126 1219 4196 111,
1237 4142 1264 4195 p.
1276 4127 1339 4194 111)
1358 4141 1469 4182 versum
1485 4125 1537 4181 169

304 4215 380 4265 recte
402 4209 554 4279 intellexit,
582 4211 617 4265 de
635 4209 730 4266 Sabini
748 4226 878 4279 responso
895 4211 964 4266 mire
982 4211 1128 4279 indicavit,
1155 4227 1216 4266 cum
1232 4212 1262 4267 in
1279 4212 1401 4267 eiusdem
1416 4211 1538 4280 paginae

305 4295 483 4351 adnotatione
493 4297 561 4350 haec
573 4295 728 4364 scripserit:
743 4295 879 4360 ,Sabinus
895 4297 927 4351 in
938 4298 988 4351 der
998 4295 1131 4352 Antwort
1142 4297 1194 4352 ani
1203 4297 1248 4352 die
1259 4297 1406 4353 Ovidische
1413 4296 1537 4352 Heroide

304 4380 371 4436 liess
394 4381 447 4436 den
464 4381 560 4437 Phaon
580 4380 664 4437 durch
681 4381 851 4450 Gegenliebe
874 4382 927 4437 den
949 4381 1101 4451 gedrohten
1119 4381 1231 4452 Sprung
1248 4382 1423 4438 abwenden.“
1459 4381 1538 4436 Idem

304 4465 392 4522 sensit
409 4466 533 4522 Kockius
550 4466 580 4521 in
598 4466 707 4522 dissert.
727 4465 866 4531 ,Alcaeus
882 4468 940 4522 und
957 4467 1084 4537 Sappho“
1103 4468 1185 4523 inser.
1202 4484 1229 4536 p.
1241 4469 1283 4524 64.
