3450 5242
726 675 896 707 (rwff‘x.

580 773 582 778 y
688 710 773 794 pilas*
782 711 881 763 ''RQ-ll
893 716 942 791 ᾗ

752 787 862 826 ΟΡΤΗΕ
941 749 981 889 N

675 847 940 920 υΝΙνΕΗΞῙῙΥ

787 948 823 988 os
956 938 975 999 ,l

787 1026 895 1071 sse,
945 1006 953 1023 ‘

299 1429 410 1562 Cum
427 1487 587 1574 Sapphus
603 1487 647 1552 ad
661 1487 835 1552 Phaonem
847 1486 996 1573 epistula
1010 1486 1048 1551 in
1062 1487 1169 1553 nullis
1180 1487 1425 1553 vetustioribus

196 1599 387 1665 Heroidum
409 1597 510 1665 libris
533 1602 730 1683 compareat
750 1617 859 1684 neque
874 1618 896 1663 a
909 1598 1156 1665 recentioribus
1179 1598 1316 1685 quidem
1338 1598 1427 1664 inter

194 1710 291 1796 ipsas
314 1710 503 1776 Ovidianas
531 1702 696 1795 epistulae
723 1709 868 1790 inserta,
902 1709 962 1774 sed
987 1709 1042 1774 vel
1066 1709 1139 1775 illis
1160 1709 1352 1795 praemissa
1372 1709 1427 1775 vel

195 1821 232 1885 in
249 1821 375 1886 oaloem
397 1820 524 1886 reiecta
546 1821 599 1885 vel
614 1841 691 1885 eum
706 1821 813 1887 variis
828 1821 1031 1886 Latinorum
1045 1820 1251 1906 scriptorum
1266 1820 1426 1907 operibus

195 1951 263 1997 uno
301 1931 475 1998 volumine
514 1932 760 2017 comprehensa
796 1931 964 2018 peculiari
998 1930 1198 2017 plerumque
1232 1931 1334 1997 titulo
1370 1950 1427 1996 ex-

196 2042 355 2109 hibeatur
365 2043 397 2128 ¹),
421 2042 554 2128 ambigi
574 2043 665 2108 inter
686 2042 842 2109 homines
866 2043 984 2108 doctos
1012 2043 1053 2107 de
1076 2042 1147 2108 eius
1170 2041 1303 2126 origine
1326 2044 1427 2128 atque

194 2153 264 2220 fide
295 2154 368 2219 iam
402 2154 461 2220 diu
494 2157 651 2239 coeptum
685 2156 743 2220 est
798 2153 895 2235 Quae
928 2151 1099 2218 dubitatio
1132 2151 1257 2236 exigua
1288 2153 1426 2238 quidem

194 2264 366 2350 principio
403 2264 660 2350 levissimaque,
700 2264 904 2330 auctoritate
939 2267 1055 2329 tamen
1084 2263 1311 2344 Lachmanni,
1348 2263 1426 2328 illu-

196 2375 360 2442 strissimi
385 2375 462 2455 viri,
495 2375 682 2460 plurimum
702 2374 808 2460 fotae)
841 2393 923 2439 mox
955 2374 999 2439 ad
1030 2377 1165 2439 tantum
1190 2373 1371 2460 gravitatis
1394 2378 1428 2439 et

193 2486 329 2552 roboris
350 2485 515 2572 pervenit,
548 2488 587 2551 ut
607 2486 788 2552 novissimi
817 2485 964 2552 editores
986 2485 1085 2550 illam
1107 2484 1289 2570 epistulam
1324 2488 1383 2550 aut
1404 2506 1426 2551 a

184 2583 315 2663 'ueteris
347 2595 558 2662 Heroidibus
590 2596 754 2682 insignite
788 2597 1038 2682 distinguerent
1071 2599 1130 2661 aut
1164 2600 1341 2683 tamquam
1372 2597 1425 2662 in-

193 2708 335 2794 dignam
370 2707 462 2773 inter
497 2707 575 2793 ipsa
610 2707 764 2772 earmina
799 2706 1132 2774 Pseudo-Ovidiana
1169 2708 1436 2792 retruderent’).

192 2819 345 2884 Maxime
359 2823 472 2883 autem
493 2819 531 2883 in
545 2818 611 2884 hae
635 2819 760 2903 agendi
776 2819 911 2884 ratione
925 2819 1051 2885 mirum
1066 2838 1139 2884 esse
1158 2819 1302 2900 videtur,
1323 2821 1424 2906 quod,

194 2928 395 3014 priusquam
418 2929 543 2994 calculi
563 2929 600 2994 in
621 2931 764 3014 utraque
785 2932 883 3014 parte
904 2933 1119 3015 ponerentur,
1146 2930 1253 2995 tacita
1273 2929 1353 3012 fere,
1386 2934 1425 2996 ut

193 3038 244 3104 ita
266 3039 389 3120 dioam,
413 3038 656 3104 deliberatione
679 3040 723 3104 ad
743 3039 831 3104 illud
854 3039 1035 3106 eonsilium
1061 3040 1264 3125 sapiendum
1285 3045 1424 3107 ventum

194 3153 260 3230 est3
293 3169 409 3236 neque.
432 3150 483 3230 id,
518 3151 657 3236 quoda
688 3150 911 3217 Laehmauno
937 3151 974 3216 in
1005 3151 1237 3218 discernendis
1268 3152 1359 3218 veris
1392 3157 1425 3219 et

193 3260 397 3326 adulterinis
430 3260 640 3326 Heroidibus
672 3281 744 3326 rem
779 3262 912 3328 curiose
944 3265 1047 3347 atque
1080 3281 1122 3327 ex
1154 3266 1228 3327 arte
1254 3264 1425 3330 oonolusis

194 3371 406 3456 argumentis
427 3372 571 3437 tractari
587 3372 855 3453 desiderabatur,
882 3391 1044 3458 prospere
1057 3372 1134 3437 fieri
1154 3376 1298 3459 poterat,
1314 3375 1425 3460 prius-

194 3502 296 3566 quam
325 3483 366 3547 de
387 3482 555 3548 librorum
588 3483 900 3568 manuscriptorum
928 3484 1092 3551 subsidiis
1126 3490 1215 3550 certe
1241 3490 1423 3568 constaret,

195 3611 281 3676 quae
313 3612 419 3678 nuper
451 3595 587 3660 demum
613 3593 657 3660 H.
687 3592 886 3679 Sedlmayer
912 3598 946 3660 et
978 3593 1081 3662 Scato
1108 3596 1149 3660 de
1182 3595 1323 3681 Vries⁴)‚
1357 3598 1425 3662 viri

240 3813 302 3952 32¹)
321 3829 347 3867 v.
366 3813 518 3884 Prolegom
542 3815 628 3870 eritis.
652 3817 688 3870 ad
707 3816 823 3871 Heroid.
841 3817 923 3872 Ovid.
947 3817 989 3872 ed.
1007 3816 1174 3886 Sedlmayer.
1208 3817 1328 3873 Vindob.
1348 3819 1422 3874 1878.

194 3913 222 3967 p.

280 3983 299 4050 ²)
319 3983 448 4052 Opusoul.
466 3983 559 4053 philol.
578 3985 619 4040 ed.
637 3985 757 4041 Vahlen.
792 3987 883 4042 Berol
903 3988 979 4042 1876.
1005 4004 1089 4058 pagg.
1102 3989 1206 4055 ddsqq.

278 4068 301 4136 8)
319 4067 379 4122 Iam
400 4069 481 4124 video
504 4085 563 4124 eam
580 4070 735 4139 nuperrime
759 4071 971 4142 aSedlmayero
993 4071 1023 4127 in
1039 4073 1192 4127 Heroidum
1213 4087 1311 4141 corpus
1333 4088 1422 4143 recep-

192 4159 251 4208 tam
269 4149 343 4222 esse,
356 4154 429 4221 quod
445 4154 627 4210 Vindobonae
646 4172 670 4210 a.
690 4157 757 4211 1886
776 4156 872 4212 edidit.

278 4238 299 4305 ⁴)
318 4237 387 4293 (lum
407 4239 475 4293 haeo
500 4239 661 4308 scribebam,
688 4246 748 4295 tum
770 4243 887 4310 primum
909 4242 1079 4313 vulgabatur
1100 4243 1231 4312 Lugduni
1252 4244 1421 4299 Batavorum

192 4323 303 4378 libellus
322 4322 449 4378 Scatonis
468 4325 501 4378 de
518 4325 601 4379 Vries
621 4325 767 4394 ,Epistula
786 4326 912 4396 Sapphus
931 4328 966 4382 ad
983 4327 1137 4382 Phaonem
1156 4328 1318 4398 inscriptus,
1341 4346 1421 4398 quem

192 4410 298 4479 gaudeo
316 4408 345 4463 in
364 4424 469 4463 summa
487 4425 517 4464 re
535 4409 607 4465 idem
624 4417 708 4479 atque
725 4428 768 4467 me
787 4413 914 4482 sensisse,
933 4413 1059 4480 quamvis
1076 4414 1163 4468 multa
1181 4412 1245 4481 sint,
1268 4416 1302 4469 de
1320 4416 1419 4483 quibus

192 4510 242 4564 ego
260 4495 370 4564 quidem
388 4495 471 4550 aliter
491 4499 621 4551 statuam.

1232 4602 1265 4655 1*

595 4839 810 4931 lebeti
