3450 5242
912 365 954 430 34

318 565 488 633 nusquam
509 547 644 632 legitur,
667 547 735 614 nisi
749 547 896 615 fortasse
909 549 947 614 in
961 549 1023 616 illo
1038 553 1196 635 suspecto
1212 571 1254 616 ex
1267 552 1364 619 Pont.
1382 553 1440 634 IV,
1458 556 1488 626 3,
1504 558 1546 620 44

319 659 483 742 „Indigue
506 657 644 725 effeetus
666 659 825 725 omnibus
848 660 1089 746 11111111ςί1.α

403 770 479 836 Hoc
502 789 635 855 quoque
666 769 742 836 loco
776 771 909 856 gratias
941 771 1108 838 habemns
1135 773 1405 840 Francofurtano
1438 775 1548 840 codici

319 900 383 967 pro
406 881 512 962 „erit“
535 881 671 966 egregie
692 885 834 962 „erunt“
854 883 1042 967 praebenti,
1066 884 1155 969 qnod
1178 885 1269 950 mori
1284 884 1454 951 Ouidiano
1470 905 1547 950 con·

321 996 519 1060 sentaneum
542 996 602 1058 est.
648 991 697 1060 of.
721 994 799 1058 Am.
823 993 869 1074 ΙΙ,
889 998 919 1075 b,
940 999 997 1074 223
1030 995 1131 1061 Trist.
1152 995 1180 1068 Ι,
1200 1000 1290 1077 3,16;
1323 996 1418 1061 Rem.
1442 998 1546 1079 364¹).

321 1105 362 1169 In
384 1104 523 1169 nomine
543 1102 730 1184 „Sicanos“
754 1105 797 1188 (v.
823 1106 879 1188 57)
905 1106 1019 1191 prima
1041 1105 1176 1191 syllaba
1198 1107 1391 1192 corripitur,
1424 1108 1548 1193 produ·

322 1217 410 1282 citur
443 1215 559 1280 altera.
614 1216 730 1301 Neque
763 1215 863 1280 aliter
889 1216 990 1302 Verg.
1018 1219 1104 1282 Aen.
1125 1217 1165 1298 V,
1187 1222 1243 1298 243
1284 1217 1406 1284 Horat.
1441 1219 1547 1304 Epod.

320 1328 437 1408 XVII,
461 1332 511 1395 32.
578 1325 706 1394 Contra
743 1327 892 1412 primam
931 1328 1135 1413 productam
1176 1329 1319 1395 alteram
1356 1333 1549 1416 correptam

318 1440 423 1505 habet
444 1438 535 1523 apud
557 1435 718 1502 Ovidium
741 1435 961 1518 ‚,Sicaniam“
983 1438 1063 1505 Met.
1080 1439 1120 1520 V,
1136 1444 1215 1520 4643
1246 1444 1324 1521 4953
1356 1441 1457 1521 XIII,
1474 1445 1548 1520 7233

318 1551 400 1617 item
425 1548 602 1631 „Sicanias
629 1548 825 1632 (harenas)“
848 1548 928 1615 Met.
944 1549 1020 1631 XV,
1038 1555 1115 1631 2793
1151 1554 1185 1616 et
1209 1550 1366 1634 „Sicanis
1388 1553 1549 1636 (Aetna)“

319 1662 368 1727 Ib.
390 1665 451 1728 596
459 1660 495 1746 ²).

405 1771 559 1838 Maxime
591 1771 769 1857 displicuit
788 1771 875 1838 viris
907 1772 1019 1838 doctis
1048 1773 1136 1838 illud
1158 1773 1348 1858 „rependo“
1370 1793 1402 1839 v.
1426 1777 1469 1842 32
1490 1793 1550 1860 per

322 1883 596 1970 amphibrachyn
619 1883 763 1964 dietum,
801 1903 880 1948 cum
914 1881 1073 1964 Ovidius,
1111 1884 1271 1969 quamvis
1307 1903 1550 1970 saepenumero

317 2014 418 2062 voees
439 1995 620 2070 iambicos:
659 2014 751 2076 amo,
776 2013 876 2075 cano,
906 1982 1011 2079 nege,
1038 1997 1131 2080 peto,
1155 2014 1255 2081 rogo,
1278 1994 1347 2075 leo;
1391 1997 1549 2063 creticae:

319 2107 469 2188 confero,
504 2105 635 2186 desino,
668 2105 786 2185 odero,
821 2105 951 2185 nescio,
975 2103 1094 2186 Curio,
1122 2104 1252 2191 Scipio,
1275 2105 1404 2185 Gallio,
1448 2125 1551 2193 epon-

318 2219 451 2286 diacas:
488 2218 591 2298 Naue,
614 2215 742 2297 Sulmo,
766 2219 848 2298 esto,
872 2218 983 2297 credo,
1006 2217 1101 2298 tollo,
1125 2236 1217 2302 ergo,
1239 2236 1351 2297 nemo,
1374 2234 1493 2283 omnes
1513 2218 1551 2282 in

319 2349 339 2395 o
362 2329 553 2394 desinentes
575 2328 672 2393 brevi
692 2327 792 2392 finali
814 2327 975 2412 efferatb,
1009 2348 1196 2414 numquam
1217 2331 1332 2393 tamen
1363 2328 1431 2394 sibi
1453 2329 1550 2394 illam

320 2439 502 2506 indulserit
523 2438 708 2504 licentiam.

405 2550 517 2633 Quam
540 2550 583 2615 ob
606 2570 678 2615 rem
711 2549 926 2636 propositum
958 2549 1029 2614 iam
1052 2552 1103 2615 est
1125 2569 1146 2614 a
1167 2550 1322 2616 Bentleio
1351 2552 1550 2637 „repende“,

319 2663 410 2749 quod
432 2682 540 2748 nuper
561 2649 791 2728 Baehreneius
815 2663 848 2726 et
869 2660 969 2726 Vries
976 2661 1003 2745 ⁴)
1025 2679 1094 2725 non
1108 2661 1211 2726 modo
1226 2662 1466 2746 probaverunt,
1490 2662 1551 2728 sed

319 2794 357 2840 eo
380 2773 483 2840 etiam
505 2792 710 2859 processere,
733 2775 771 2837 ut
794 2772 996 2838 seriberent:

608 2923 729 2997 Ingenio
751 2921 863 2982 formae
885 2922 991 2981 damna
1011 2921 1138 2996 repende
1160 2937 1234 2980 meo.

320 3086 390 3152 qua
411 3065 600 3131 mutatione
621 3063 737 3128 mendi
759 3063 927 3148 originem
951 3062 1121 3148 explicare
1143 3063 1271 3128 volunt.
1302 3066 1352 3128 At
1372 3065 1550 3143 sententia,

321 3196 408 3263 quae
427 3176 508 3241 inde
529 3175 692 3253 nascitur,
726 3173 809 3239 ferri
831 3193 899 3238 non
921 3177 1048 3259 potest,
1085 3194 1166 3239 nam
1190 3173 1337 3239 absurde
1358 3174 1478 3239 Phaon
1501 3175 1551 3239 di·

321 3288 409 3353 citur
432 3287 557 3351 damna
590 3286 703 3351 aliena
737 3285 858 3350 alienis
889 3285 989 3350 bonis
1010 3285 1195 3370 rependere
1216 3304 1325 3369 neque
1347 3284 1435 3351 alius
1458 3285 1551 3371 quis-

320 3417 422 3484 quam
445 3398 513 3464 nisi
535 3398 612 3482 ipsa
635 3396 773 3482 Sappho
808 3397 936 3460 damna
957 3415 1017 3460 sua
1040 3395 1179 3480 ingenio
1201 3395 1385 3479 rependere
1406 3400 1550 3481 poterat.

319 3511 440 3595 Itaque
470 3507 572 3572 valde
593 3507 776 3572 verendum
813 3509 879 3586 est,
912 3525 955 3569 ne
986 3505 1131 3570 rationis
1165 3505 1326 3570 metricae
1358 3525 1463 3573 causa
1484 3506 1551 3572 loci

323 3620 438 3688 sensui
470 3619 670 3684 officiamus.
717 3617 830 3699 Quare
864 3637 933 3681 non
964 3635 1146 3702 possumus
1179 3615 1357 3682 lectionem
1387 3613 1550 3683 traditam

320 3732 461 3810 reicere,
499 3749 601 3816 qnae,
640 3729 703 3795 etsi
739 3727 834 3793 nullo
861 3727 980 3793 Ovidii
1016 3727 1170 3813 exemplo
1200 3728 1398 3793 confirmari
1426 3732 1547 3814 potest,

320 3863 389 3909 non
422 3845 556 3908 tantum
590 3839 789 3906 offensionis
820 3839 934 3919 habet,
967 3841 1006 3904 ut
1019 3839 1263 3905 :emendatoris
1296 3839 1434 3923 ingenio
1464 3858 1548 3925 opus

320 3955 381 4036 sit,
424 3953 626 4040 praesertim
668 3972 744 4017 cum
781 3949 941 4036 vulgaria
985 3953 1085 4036 atque
1127 3970 1192 4016 usu
1235 3949 1359 4015 detrita
1401 3949 1548 4015 breviari

405 4203 427 4266 1)
445 4218 470 4256 v.
489 4200 581 4256 Vries.
600 4200 617 4254 l.
636 4201 655 4254 l.
673 4216 699 4268 p.
711 4199 770 4253 105.

406 4288 429 4354 Ι)
445 4285 479 4341 cf.
497 4286 590 4342 Vries.
608 4286 626 4340 l.
645 4286 663 4340 l.
682 4302 709 4353 p.
722 4285 763 4338 62.
820 4337 824 4356 ,

406 4372 514 4440 3)Ι1111.
532 4371 658 4426 Mueller.
677 4372 695 4425 l.
714 4372 733 4426 l.
751 4370 848 4444 p,337.

407 4458 428 4525 ⁴)
448 4457 466 4511 l.
485 4457 503 4510 l.
521 4473 548 4526 p.
560 4457 594 4512 49
605 4473 645 4524 sq.
