3450 5242
206 545 450 613 vocabulorum
482 543 740 610 terminationes
773 543 809 608 in
847 543 1003 608 ordinem
1035 543 1241 628 redigendas
1276 543 1327 609 ita
1363 562 1440 610 sus-

207 656 364 742 cepisset,
397 659 436 722 11
457 675 519 741 per
542 654 698 739 singulas
719 655 852 720 litteras
877 657 979 739 atque
1000 654 1153 738 syllabas
1177 656 1437 735 demonstraret,

207 769 321 854 qualis
343 767 577 832 nominativus
600 765 735 851 qualem
756 765 883 830 faceret
897 765 1102 850 genetivum,
1125 766 1296 830 mentione
1311 785 1438 848 eornm,

207 899 293 964 quae
325 879 362 943 in
396 879 436 944 tis
469 876 604 962 syllaba
636 876 805 957 desinunt,
839 875 932 942 facta
965 877 1010 962 (p.
1045 877 1112 961 29),
1150 877 1298 962 exempli
1333 895 1439 944 cansa

205 989 328 1056 Attidis
349 1009 474 1055 nomen
500 987 704 1073 pronomine
731 987 849 1053 addito
876 988 1002 1075 posuit.
1045 987 1153 1054 Paulo
1186 990 1265 1073 post
1297 989 1340 1054 de
1373 988 1436 1055 this

153 1087 155 1096 ’
206 1101 299 1166 exitu
322 1099 501 1185 disputans
514 1098 670 1184 regulam
685 1099 829 1164 Attbc'dc's
849 1097 988 1164 nomine
1009 1097 1060 1164 ita
1080 1099 1278 1180 illustravit,
1301 1102 1340 1164 ut
1361 1119 1440 1184 pro-

207 1231 331 1280 nomen
363 1230 506 1298 prorsus
540 1210 720 1276 omitteret.
766 1209 877 1292 Quod,
900 1210 932 1276 si
953 1213 1044 1275 recte
1065 1208 1170 1274 Probi
1193 1213 1340 1297 mentem
1361 1229 1439 1295 per·
1522 1262 1524 1269 ,

208 1323 382 1408 spicimuS,
410 1325 591 1408 propterea
617 1321 707 1402 fecit,
736 1321 817 1407 quia
838 1341 962 1387 nomen
986 1340 1147 1406 graecum
1168 1321 1206 1387 in
1227 1322 1257 1387 ic
1278 1321 1440 1387 adjectivi

207 1434 280 1498 vice
317 1433 476 1499 desinens
514 1433 611 1498 cuius
638 1435 738 1517 ¹esset
773 1433 912 1518 generis
949 1432 1108 1498 omnibus
1144 1434 1324 1519 pernotum
1357 1435 1439 1498 erat.

206 1544 286 1609 Pari
318 1544 420 1609 modo
453 1545 495 1609 dc
517 1543 632 1625 Laide,
662 1541 797 1624 mace,
824 1543 933 1609 Noidc
955 1545 1004 1629 (pt
1031 1543 1084 1627 18)
1111 1544 1144 1608 11
1165 1543 1337 1610 similibus
1360 1543 1440 1628 egit,

207 1675 294 1741 quae
315 1654 421 1722 verba
442 1654 703 1740 pronominibus
726 1674 891 1720 exornare
913 1672 1204 1741 supervacaneum
1226 1654 1269 1720 ob
1283 1655 1439 1720 eandem

208 1785 346 1832 causam
374 1785 447 1832 esse
470 1765 700 1832 existimabat.
745 1765 809 1831 Ille
831 1770 955 1847 autem,
978 1767 1037 1851 qni
1060 1766 1212 1832 codicem
1234 1765 1439 1832 Bobiensem

208 1877 377 1958 exavarit,
398 1897 475 1942 cum
495 1876 796 1943 animadvertisset
811 1878 879 1942 duo
900 1877 1042 1942 nomina
1064 1895 1146 1942 voce
1160 1896 1281 1962 parurn
1298 1876 1438 1942 dissona

208 1989 444 2075 scripturaque
465 1989 560 2054 hand
576 1987 722 2054 multum
739 1989 830 2054 inter
847 2009 885 2054 se
901 1988 1133 2074 discrepantia
1143 2007 1250 2073 parvo
1262 1988 1375 2073 spatio
1386 1987 1438 2052 in-

207 2099 374 2184 terposito
386 2100 575 2179 succedere,
592 2119 632 2164 ea
647 2100 699 2165 sic
712 2101 923 2181 retractavit,
937 2104 976 2166 ut
990 2099 1192 2186 pronomine
1207 2099 1306 2164 alteri
1321 2099 1439 2164 addito

208 2210 308 2275 alteri
328 2210 536 2295 aspiratione
559 2211 692 2276 adiecta
707 2210 847 2296 paulum
870 2212 1018 2292 abesset,
1041 2211 1124 2297 quin
1140 2211 1438 2290 confunderentur3

208 2340 289 2385 nam
301 2320 319 2404 ξ
332 2323 372 2387 51
386 2320 470 2384 hacc
480 2321 672 2406 promiscue
683 2322 799 2407 posuit
813 2321 877 2386 ita:
894 2322 975 2403 „hic
988 2323 1084 2404 Attis,
1097 2321 1241 2388 Atthides
1255 2321 1309 2387 vel
1320 2321 1437 2387 Α111111.

207 2431 305 2496 Nunc
328 2431 423 2496 aliud
450 2432 554 2497 etiam
580 2432 746 2517 respicias
775 2433 893 2499 velim:
921 2437 1053 2499 veteres
1075 2433 1294 2519 grammatici
1317 2434 1350 2497 et
1371 2432 1437 2496 im-

206 2543 328 2627 primis
360 2542 420 2608 illc
448 2543 489 2607 de
517 2562 583 2628 quo
617 2544 753 2628 agimus
782 2549 952 2624 auctores,
988 2546 1112 2630 quibus
1137 2546 1320 2630 praecepta
1352 2543 1437 2609 artis

206 2654 454 2740 grammaticae
487 2654 744 2736 confirmentur,
778 2659 851 2722 turn
884 2657 1103 2741 potissimum
1136 2659 1239 2722 testes
1274 2655 1436 2720 adhibere

207 2766 329 2847 solent,
369 2786 447 2832 cum
480 2767 634 2848 nomina,
667 2788 753 2854 qnae
786 2769 952 2855 exemplis
985 2769 1193 2834 illustranda
1225 2771 1319 2848 sunt,
1353 2768 1438 2833 satis

208 2896 288 2942 rara
311 2877 402 2962 apud
424 2877 584 2963 antiquos
606 2879 790 2964 scriptores
812 2881 983 2966 leguntur.
1021 2879 1153 2945 Nomen
1176 2881 1288 2945 autem
1303 2879 1437 2964 puellae

208 2987 353 3052 Lesbiae
372 2992 507 3073 praeter
521 2987 682 3074 Sapphus
703 2989 885 3076 epistulam
908 2993 942 3055 et
956 2990 1151 3056 Terentiani
1165 2990 1280 3054 Mauri
1301 3009 1438 3055 versum

210 3098 327 3182 21541)
349 3117 517 3183 nusquam
541 3100 579 3164 in
602 3099 727 3166 litteris
750 3101 868 3167 latinis
892 3101 1048 3167 occurrit.
1084 3100 1180 3183 Quae
1201 3101 1344 3166 sirecte
1366 3100 1435 3166 dis-

205 3212 328 3294 putata
351 3213 444 3290 sunt,
466 3210 555 3276 nihil
578 3211 691 3277 adhuc
712 3213 956 3298 impedimento
979 3216 1045 3293 est,
1069 3212 1250 3298 quominus
1265 3231 1438 3296 gramma

205 3319 268 3386 tici
300 3320 407 3386 verba
440 3322 484 3387 ad
518 3322 684 3407 epistulae
716 3343 852 3390 versum
885 3326 924 3390 18
948 3327 1102 3409 spectare
1124 3322 1339 3388 arbitremur.
1388 3326 1438 3388 At

207 3431 334 3496 dixerit
354 3431 501 3500 fortasse
528 3433 653 3520 aliquis
675 3434 752 3501 fieri
773 3435 940 3520 potuisse,
968 3435 1020 3500 uti
1042 3434 1189 3500 Ovidius
1215 3435 1251 3500 in
1281 3435 1437 3521 epistula,

208 3562 294 3629 quae
321 3547 451 3612 amissa
476 3545 625 3626 ducitur,
653 3545 812 3612 Atthidis
840 3565 964 3611 nomen
995 3547 1161 3630 posuerit,
1195 3547 1288 3631 qnod
1319 3549 1439 3632 postea

209 3654 386 3720 afalsario
402 3656 639 3742 depromptum
662 3657 718 3723 sit.
752 3658 810 3723 Ad
833 3677 920 3743 quas
943 3677 1007 3742 ego
1029 3658 1167 3742 quidem
1188 3657 1277 3722 nihil
1298 3675 1438 3742 respon-

208 3919 281 3973 detis
298 3917 407 3973 nomine
424 3917 587 3988 inscriptum
603 3921 732 3976 habemns
751 3926 780 3976 11
797 3921 881 3976 Probi
894 3921 1038 3976 cethema
1059 3937 1129 3989 quac
1146 3920 1275 3976 feruntur
1292 3921 1335 3976 ita
1352 3923 1436 3976 ducta
1501 3907 1506 3920 ’

209 4008 282 4072 sunt,
300 4008 333 4059 nt
357 4003 414 4059 alia
433 4006 505 4073 apud
521 4005 599 4070 hunc,
619 4007 673 4061 alia
691 4006 764 4076 apud
775 4005 856 4061 illum
869 4011 1054 4061 servarentur.
1073 4036 1105 4045 -
1117 4006 1195 4061 Duos
1208 4006 1302 4076 libros,
1320 4008 1438 4062 alterum

207 4088 377 4159 Sacerdotis,
403 4089 522 4145 alterurn
539 4089 623 4148 Probi
644 4093 753 4146 nominc
774 4092 938 4161 inscriptum
956 4107 989 4146 ex
1006 4091 1140 4147 communi
1161 4092 1240 4147 fonte
1259 4092 1356 4147 ductos
1377 4107 1438 4147 csse

207 4173 272 4242 dixi,
294 4191 351 4229 aon
362 4175 429 4230 dnos
448 4175 569 4232 eiusdem
587 4177 651 4233 libri
669 4177 774 4232 codices
792 4193 826 4232 ex
842 4193 898 4233 uno
915 4179 1063 4246 archetypo
1080 4177 1243 4245 descriptos,
1269 4179 1342 4246 qnod
1360 4178 1439 4234 Sten-

204 4259 267 4329 pins
286 4261 509 4317 commendarim

413 4365 436 4432 ¹)
454 4363 536 4419 Gordi
554 4365 662 4432 qnando
680 4363 767 4419 fnisse
785 4364 837 4419 sibi
855 4364 932 4419 canit
949 4363 1069 4419 Atthida
1086 4363 1222 4434 (Sappho)

454 4449 585 4517 Parvam,
613 4449 697 4505 florea
718 4449 869 4520 virginitas
887 4465 939 4505 sua
956 4467 1017 4506 cum
1033 4450 1114 4506 forat
