3450 5242
914 384 956 447 20

319 564 589 631 similitudinem.
633 566 699 632 Est
724 569 837 633 autem
863 568 930 634 hoc
956 567 1099 635 huiusce
1124 568 1221 634 modi
1242 587 1320 654 pag.
1345 571 1400 636 28:
1439 567 1547 648 „Sons

320 678 476 761 correpta
508 677 545 742 in
578 679 690 744 medio
723 677 855 744 habens
887 700 914 744 a
940 679 981 744 tis
1012 680 1127 761 faciet,
1166 680 1278 746 immas
1309 676 1462 746 insontia
1496 679 1548 745 sic

319 787 515 853 Horatius.“
560 791 722 854 Attamen
757 788 800 854 ab
826 789 974 855 Horatio
1000 791 1055 856 bis
1081 791 1148 855 hoc
1177 791 1319 856 verbum
1345 793 1438 856 recto
1465 809 1547 855 casu

319 899 437 982 (carm.
454 899 510 979 11,
537 904 585 980 19,
609 904 659 967 29.
684 903 717 964 et
739 898 843 965 Serm.
860 901 899 979 1,
922 906 952 981 6,
976 905 1042 982 69),
1065 921 1252 986 numquam
1271 901 1428 986 genetivo
1451 920 1546 966 usur-

318 1014 437 1097 patum
471 1013 530 1076 est.
587 1009 689 1091 Quod
722 1031 796 1076 cum
835 1012 886 1076 ita
918 1013 977 1093 sit,
1016 1012 1105 1078 nihil
1142 1012 1244 1098 plane
1268 1013 1427 1099 impedit,
1464 1031 1547 1098 quo·

318 1121 432 1187 minus
454 1120 558 1187 Probi
579 1121 813 1187 testimonium
836 1124 881 1189 ad
903 1123 1085 1209 epistulam
1106 1127 1261 1189 nostram
1283 1125 1460 1210 pertineat.

404 1231 472 1300 Sed
498 1251 598 1313 nunc,
633 1233 723 1317 quod
746 1238 909 1318 superest,
944 1235 1128 1320 quaeritur,
1162 1227 1284 1300 utrum
1301 1235 1547 1320 grammaticus

280 1398 282 1402 .
319 1345 364 1409 ad
398 1343 580 1429 epistulam
612 1343 724 1428 ipsam
759 1345 898 1430 eiusque
924 1366 1059 1412 versum
1087 1349 1140 1426 18,
1176 1366 1219 1410 an
1249 1347 1294 1410 ad
1316 1346 1417 1411 Attin
1440 1345 1547 1431 Cybe

317 1455 422 1520 leium
437 1455 631 1539 respexerit,
656 1457 714 1541 qui
730 1475 843 1521 errore
866 1457 1015 1542 quodam
1037 1477 1098 1542 per
1120 1457 1364 1542 aspirationem
1379 1457 1416 1521 in
1431 1456 1548 1543 Ovidii

319 1565 571 1651 exemplaribus
598 1570 640 1632 ut
672 1567 878 1633 scriberetur
909 1567 986 1632 fieri
1006 1569 1160 1655 potuisse
1181 1568 1404 1634 Lachmanno
1425 1567 1548 1652 largiri

317 1677 399 1743 licet
409 1678 441 1761 ¹),
473 1678 630 1762 quamvis
662 1678 831 1744 librorum
857 1679 918 1764 qui
946 1681 1082 1744 exstant
1108 1679 1312 1744 auctoritate
1332 1676 1419 1743 haec
1440 1679 1548 1763 scrip-

318 1793 397 1855 tura
418 1789 560 1854 minime
583 1789 816 1870 confirmetur3
839 1790 900 1856 sed
921 1790 1101 1875 probabile
1122 1810 1191 1856 non
1213 1794 1265 1856 est
1279 1791 1451 1856 Nasonem
1474 1789 1548 1854 vul-

320 1901 396 1986 gari
418 1873 592 1984 sciibendi
612 1901 745 1966 ratione
767 1904 883 1986 spreta
905 1901 1150 1987 aspirationem
1170 1901 1336 1987 peculiari
1358 1903 1460 1966 modo
1488 1920 1549 1966 no-

320 2013 406 2077 mini
428 2012 604 2092 adiecisse,
626 2032 734 2097 neque
757 2013 1022 2097 grammaticum
1043 2015 1115 2077 tam
1135 2012 1353 2096 neglegenter
1367 2013 1488 2097 egisse,
1511 2016 1550 2076 ut

321 2143 425 2208 gram
447 2123 667 2188 librariorum
689 2124 850 2189 mendum
872 2124 1044 2209 reciperet.
1089 2124 1130 2188 In
1150 2123 1194 2189 iis
1210 2126 1333 2204 autem,
1356 2143 1442 2208 quae
1458 2123 1550 2208 apud

321 2233 469 2299 Marium
503 2234 652 2299 Plotium
689 2234 943 2318 Sacerdotem2)
979 2236 1109 2320 scripta
1144 2235 1364 2300 inveniuntur
1399 2235 1455 2315 11,
1493 2239 1549 2302 59:

323 2345 406 2428 „tha
427 2346 547 2410 tertiae
570 2346 808 2412 declinationis
832 2347 895 2412 this
915 2346 970 2411 vel
992 2348 1042 2412 dc's
1062 2347 1146 2412 lacit
1167 2347 1342 2432 genetivo:
1375 2348 1428 2413 hic
1441 2348 1550 2414 Atthis

321 2457 421 2522 baias
441 2456 550 2522 Atthis
571 2455 626 2520 vel
647 2456 799 2538 natica,
834 2458 885 2523 sic
907 2457 1082 2538 Ovidius“,
1110 2457 1346 2524 emendatione
1369 2479 1453 2544 opus
1476 2480 1550 2526 esse

314 2554 391 2632 ¹iam
406 2567 540 2632 Keilius
556 2566 672 2648 sensit,
695 2571 846 2632 veterum
862 2568 1165 2652 grammaticorum
1181 2572 1338 2636 strenuus
1353 2571 1549 2655 sospitator,

322 2679 381 2764 qui
413 2679 488 2744 hoec
520 2698 582 2764 pro
615 2698 664 2758 e0,
699 2679 790 2763 quod
817 2680 925 2744 codex
951 2679 1131 2746 Bobieusis
1158 2700 1248 2745 nunc
1275 2681 1550 2748 vindobonensis

321 2790 373 2856 bic
404 2791 517 2870 habet,
550 2791 624 2856 iure
656 2790 854 2876 reposuit.³)
898 2791 1003 2855 Plura
1029 2791 1119 2856 enim
1146 2792 1271 2857 similis
1292 2793 1387 2858 modi
1408 2797 1551 2878 peccata

322 2903 359 2967 in
382 2921 420 2967 eo
444 2901 631 2990 exemplari
651 2901 844 2987 legentibus
868 2903 1005 2968 obviam
1029 2899 1242 2982 occurrunt(
1258 2905 1308 2968 ita
1334 2905 1437 2990 paulo
1460 2903 1550 2969 infra

322 3013 358 3098 (ξ
382 3015 435 3097 60)
469 3013 544 3078 baec
565 3013 663 3079 lamas
694 3033 757 3098 pro
779 3015 830 3080 hic
851 3014 950 3080 laxas
971 3018 1005 3079 et
1026 3034 1131 3100 supra
1152 3015 1186 3099 (ᾗ
1210 3017 1267 3099 54)
1288 3015 1340 3080 bic
1360 3017 1466 3082 londos
1486 3036 1550 3102 pro

322 3124 397 3189 haec
419 3123 521 3189 lendis
543 3123 754 3189 exhibentur.
801 3123 839 3190 Si
861 3128 973 3190 autem
995 3126 1110 3190 mendi
1124 3126 1220 3192 illius
1234 3147 1321 3212 quae
1334 3128 1438 3193 fuerit
1452 3129 1550 3212 origo

324 3252 485 3319 quaerere
516 3234 617 3314 velis,
652 3237 942 3321 operaepretium
965 3236 1030 3300 erit
1050 3236 1155 3301 Probi
1177 3237 1358 3304 Catholica
1380 3242 1413 3303 et
1435 3238 1551 3305 Sacer-

324 3344 414 3409 dotis
447 3343 574 3408 librum
609 3344 751 3409 alterum
786 3346 875 3411 inter
908 3366 944 3411 se
971 3346 1167 3428 contulisse,
1201 3367 1287 3432 quae
1314 3368 1356 3413 ex
1378 3350 1552 3415 communi

323 3453 417 3519 fonte
440 3454 542 3518 ducta
565 3473 638 3520 esse
659 3454 826 3521 videntur.
836 3457 860 3539 4)
905 3459 958 3521 Ac
980 3459 1129 3542 primurn
1155 3459 1292 3544 quidem
1314 3459 1447 3526 Probus
1473 3480 1551 3526 cum

326 3645 441 3709 quartae
459 3641 652 3696 declinationis
670 3659 725 3696 aas
742 3642 846 3698 faciens
869 3644 1011 3713 genetivo,
1037 3644 1082 3699 bic
1099 3646 1181 3700 luxus
1202 3645 1284 3700 huius
1303 3647 1393 3715 luxus,
1415 3647 1552 3702 luxuriam

325 3726 431 3782 scilicet
449 3727 616 3796 significans,
636 3729 796 3784 Terentius:
815 3730 971 3784 adulescens
988 3731 1058 3785 lara
1070 3730 1215 3800 perditae“
1235 3730 1366 3802 (Adelph.
1380 3732 1431 3800 l·V,
1450 3734 1474 3802 7,
1492 3732 1551 3800 42);

325 3829 352 3881 p.
372 3814 413 3881 31,
432 3815 477 3867 31:
499 3813 691 3882 „excipiuntur
708 3818 849 3895 quattuor,
870 3831 939 3881 quae
957 3831 1006 3869 nec
1023 3815 1064 3870 cie
1080 3816 1188 3870 faciunt
1209 3817 1339 3886 genetivo
1356 3818 1477 3887 ncepta,
1504 3817 1552 3871 nix

325 3897 413 3966 nivis,
431 3914 486 3953 nox
504 3898 606 3968 noctis,
631 3915 715 3954 senex
732 3900 818 3968 senis,
843 3901 969 3969 supellex
986 3901 1181 3972 supellectilis,
1204 3902 1367 3968 Terentium
1390 3903 1552 3972 aapcllcctilc

325 3999 395 4052 opus
411 3985 475 4038 aar
514 3983 631 4051 (Phorm.
650 3984 701 4054 IV,
719 3988 744 4052 3,
763 3987 817 4054 61.)

412 4077 420 4104 l
464 4109 470 4122 ι
500 4110 507 4122 ο

410 4069 434 4221 'i
452 4069 499 4209 inl
518 4156 568 4209 hoc
591 4155 700 4210 nomine
720 4173 746 4210 v.
770 4157 842 4224 quod
859 4156 970 4211 Keilius
987 4157 1017 4212 in
1033 4157 1204 4225 praefatione
1221 4157 1275 4212 vol.
1292 4157 1337 4213 VI
1354 4175 1380 4226 p.
1392 4158 1444 4212 420
1461 4158 1552 4226 dispu-

325 4243 433 4391 tamat
451 4325 484 4379 cf.
502 4327 598 4382 Loers.
616 4327 688 4381 Mus.
705 4327 793 4381 Rheu.
813 4327 881 4381 1846
898 4345 924 4395 p.
941 4330 976 4381 43
995 4332 1023 4382 et
1041 4327 1212 4396 Comparetti
1229 4329 1248 4383 l.
1266 4330 1285 4384 l.

411 4410 435 4478 ⁴)
454 4411 489 4465 cf.
506 4411 583 4466 Keil.
602 4412 620 4466 1.
639 4413 657 4466 l.
675 4410 787 4466 volvi
804 4429 830 4480 p.
843 4413 907 4466 422:
936 4412 1051 4480 ,ltaque
1070 4413 1210 4480 antiquior
1231 4418 1260 4468 et
1277 4415 1383 4481 plenior
1400 4414 1471 4469 liber
1488 4415 1554 4468 olim

326 4493 389 4565 fuit,
408 4509 511 4562 exque
530 4499 670 4564 tamquam
688 4496 821 4550 communi
840 4498 919 4552 fonte
936 4503 965 4552 et
982 4498 1026 4552 hic
1043 4498 1125 4567 liber,
1144 4514 1224 4585 quem
1241 4516 1314 4554 nunc
1331 4500 1441 4556 Olaudii
1459 4500 1553 4554 Sacer·
