3450 5242
902 352 942 416 10

305 537 396 602 hunc
417 536 531 602 locum
554 535 731 602 defendere
752 536 983 603 Baehreusius
1010 531 1152 604 conatus
1175 538 1271 622 est¹),
1299 537 1355 603 cui
1381 556 1451 602 nou
1473 535 1533 600 1110

305 647 417 714 solum
438 648 618 714 verborum
638 648 734 714 lusus
755 647 893 728 arridet,
917 648 978 713 sed
997 667 1155 714 versuum
1179 648 1283 713 etiam
1305 646 1533 733 aequabilitas

304 758 455 824 maxime
468 758 594 845 placet,
618 778 659 824 ex
681 777 749 842 qua
772 757 886 824 brevis
908 760 1063 844 corporis
1086 758 1226 825 habitus
1247 759 1377 844 pariter
1400 778 1442 824 ac
1462 756 1533 824 fus-

304 889 364 936 cus
386 868 481 935 color
496 868 579 934 bina
592 888 654 954 per
670 869 819 935 disticha
840 869 1093 955 impugnentur.
1127 869 1301 936 Iacturam
1324 872 1437 935 autem
1460 889 1534 934 ver·

304 1000 414 1062 suum,
437 999 539 1066 quam
563 980 625 1046 alii
647 979 781 1046 codices
805 980 874 1047 alio
894 980 970 1046 1000
992 980 1154 1060 fecerunt,
1177 981 1228 1048 sic
1250 983 1403 1047 excusat:
1427 979 1534 1046 libra·

301 1091 406 1172 rium,
430 1086 490 1177 qui
509 1111 687 1157 commune
708 1091 917 1177 archetypon
940 1092 1141 1172 exaraverit,
1164 1113 1186 1158 a
1199 1092 1315 1177 priore
1334 1091 1410 1158 0010
1431 1091 1533 1158 nomi·

300 1202 535 1286 1111100110
562 1203 607 1269 ad
634 1202 779 1268 alterum
806 1203 916 1268 oculis
944 1202 1137 1283 aberrasse;
1170 1222 1253 1268 mox
1279 1207 1392 1269 autem
1419 1223 1533 1268 errore

303 1313 543 1380 animadverso
565 1313 737 1399 posterius
760 1313 932 1380 distichon
960 1313 997 1379 11
1023 1315 1180 1400 margine
1203 1333 1224 1379 a
1245 1317 1436 1380 correctore
1459 1333 1532 1381 esse

225 1500 230 1507 ⁴
302 1424 487 1490 adiectum:
510 1424 601 1491 hane
620 1425 892 1490 emendationem
908 1444 982 1492 esse
997 1425 1205 1490 intellectam
1227 1425 1272 1490 ab
1294 1444 1344 1506 eo,
1367 1426 1427 1511 qui
1441 1425 1533 1491 Har·

299 1535 451 1602 leianum
466 1535 642 1621 scripserit
657 1536 843 1622 exemplar,
860 1537 897 1601 in
909 1536 993 1608 ,aliis
1008 1536 1219 1623 apographis
1236 1536 1413 1622 archetypi
1427 1537 1531 1603 modo

300 1646 367 1712 hoc
393 1647 496 1716 modo
522 1645 611 1712 illud
632 1647 804 1712 distichon
831 1647 943 1713 solum
971 1667 1044 1714 esse
1065 1651 1249 1733 receptum.
1294 1647 1372 1713 Hac
1393 1647 1532 1734 quidem

301 1756 496 1824 coniectura
510 1758 611 1824 facile
633 1777 716 1824 sane
739 1757 944 1844 explicatur,
968 1777 1036 1844 quo
1058 1758 1160 1824 modo
1182 1757 1310 1823 factum
1333 1758 1394 1838 sit,
1415 1761 1454 1823 ut
1476 1778 1533 1826 su·

300 1869 416 1955 penius
438 1871 573 1934 tantum
588 1869 761 1936 distichon
783 1888 805 1933 a
825 1869 1075 1934 recentioribus
1098 1869 1350 1955 exemplaribus
1372 1870 1533 1935 exhibea·

300 1984 369 2060 tur,
404 1981 465 2046 sed
496 1999 566 2045 non
592 1982 664 2045 tam
697 1983 786 2046 recte
820 1980 970 2066 explicat
997 1981 1050 2046 vir
1077 1981 1213 2063 doctus,
1246 2001 1352 2067 quare
1377 1982 1416 2047 in
1442 1982 1532 2047 anti·

300 2091 467 2178 quissimo
495 2091 613 2157 codice
634 2129 675 2138 -
696 2095 793 2159 taceo
817 2091 908 2157 enim
931 2092 974 2157 de
1002 2093 1170 2176 excerptis
1191 2092 1375 2174 Parisiuis,
1397 2092 1435 2158 iu
1457 2093 1531 2178 qui-

301 2204 364 2270 bus
386 2202 474 2268 illud
487 2203 715 2288 praetermitti
735 2206 929 2289 poterat-
944 2204 1016 2270 eius
1038 2204 1187 2289 vestigia
1210 2223 1278 2269 non
1301 2207 1529 2290 compareant.

299 2315 376 2380 Non
404 2315 494 2379 euim
515 2314 589 2379 veri
614 2314 727 2380 simile
749 2317 801 2380 est
815 2315 966 2380 scribam
982 2315 1085 2381 huius
1098 2314 1182 2381 libri
1203 2334 1321 2381 versus
1343 2315 1380 2380 11
1402 2316 1531 2399 margi-

299 2446 377 2491 nem
399 2425 570 2510 relegatos
592 2425 629 2489 in
651 2428 781 2491 textum
803 2426 854 2491 ita
880 2426 1063 2511 recepisse,
1085 2428 1124 2490 ut
1146 2444 1218 2506 eos,
1247 2427 1306 2512 qui
1326 2427 1437 2492 textui
1458 2427 1529 2491 iam

298 2534 421 2602 inserti
444 2538 569 2616 essent,
594 2536 723 2601 eiceret.
762 2537 876 2619 Quam
892 2538 935 2602 ob
958 2557 1029 2601 rem
1044 2537 1179 2602 facilius
1195 2537 1261 2602 hoc
1282 2537 1529 2602 incrementum

299 2647 444 2714 habebis
468 2647 688 2733 explicatum,
717 2647 748 2714 si
775 2648 936 2714 statueris
965 2649 1121 2734 superius
1150 2647 1324 2714 distichon
1345 2648 1530 2734 interpola·

297 2759 384 2825 toris
408 2759 523 2825 studio
544 2759 581 2824 11
603 2760 733 2824 textum
755 2759 945 2845 irrepsisse.
992 2758 1060 2827 Sed
1081 2779 1124 2823 ne
1145 2759 1397 2825 inconsiderate
1419 2779 1460 2825 ac
1480 2763 1528 2823 te-

297 2890 390 2936 mere
423 2889 524 2954 agere
557 2870 747 2952 videamur,
779 2870 1039 2955 perpendendas
1075 2871 1320 2936 sententiarum
1351 2871 1436 2936 ordo
1467 2873 1528 2951 est,

299 2982 359 3068 qui
392 2981 464 3048 illis
496 2981 653 3047 versibus
680 2981 843 3047 admissis
871 2982 1034 3048 nascitur.
1080 2983 1134 3046 Ac
1155 2982 1305 3067 primum
1327 2982 1465 3067 quidem
1491 2982 1528 3046 iu

298 3093 443 3158 lectione
466 3092 549 3157 libri
574 3091 770 3173 Harleiani,
799 3111 876 3158 cum
904 3093 1112 3160 indicativus
1137 3094 1206 3178 fero
1232 3097 1266 3159 et
1291 3093 1528 3159 coniunctivus

296 3205 358 3270 sim
382 3223 451 3268 110
478 3207 595 3268 101010
621 3223 658 3269 00
685 3204 874 3289 excipiant,
906 3205 1073 3270 orationis
1101 3205 1333 3270 inconstantia
1359 3207 1450 3270 recte
1476 3223 1528 3268 re-

297 3315 530 3401 prehenditur.
579 3314 711 3380 Deinde
742 3315 779 3381 in
805 3315 921 3401 priore
947 3317 1173 3402 pentametro,
1208 3335 1250 3380 ne
1282 3315 1393 3380 oratio
1426 3334 1529 3382 sensu

298 3428 427 3507 careat,
472 3444 610 3492 1000000
653 3428 705 3492 001
739 3427 869 3492 domim
905 3427 1007 3512 plane
1044 3426 1217 3492 diversam
1255 3425 1328 3490 vim
1356 3428 1457 3511 atque
1490 3425 1527 3491 in

298 3536 487 3622 posteriore
508 3536 717 3617 tribuamus,
747 3535 879 3602 scilicet
906 3540 945 3602 ut
967 3535 1168 3602 denomino
1191 3535 1350 3622 Sapphus
1373 3537 1450 3623 ipso
1471 3537 1528 3603 lit-

298 3647 382 3713 teris
410 3650 588 3713 constante
615 3648 793 3733 cogitetur.
843 3647 911 3715 Sed
932 3652 1172 3734 praeterquam
1195 3649 1287 3734 quod
1309 3647 1528 3714 huiusmodi

297 3759 480 3824 verborum
511 3756 607 3824 lusus
637 3759 779 3843 puerilis
802 3762 835 3824 et
866 3762 1044 3845 tamquam
1070 3779 1132 3844 per
1164 3759 1327 3844 ambages
1360 3760 1527 3825 exercitus

299 3870 466 3936 abhorret·
484 3889 505 3934 a
520 3873 670 3934 veterum
690 3869 746 3934 vel
764 3870 989 3935 mediocrium
1008 3873 1187 3956 poetarum
1210 3871 1462 3951 consuetudine,
1485 3889 1528 3935 ne

298 3981 458 4069 Sapphus
481 3980 618 4069 quidem
641 4001 765 4047 nomeu
786 3977 858 4046 tam
881 3982 1001 4067 paucis
1024 3982 1148 4049 litteris
1171 3984 1320 4062 constat,
1343 3981 1528 4047 11110101
1549 3962 1556 3971 ’

298 4091 467 4158 efficiatur
487 4093 709 4179 comparatio.
742 4093 849 4158 Porro
871 4113 980 4178 neque
998 4094 1114 4178 inepta
1128 4092 1286 4177 repetitio
1300 4091 1383 4157 ferri
1403 4095 1526 4178 potest,

299 4203 425 4290 quippe
446 4223 532 4290 quae
547 4222 607 4289 per
626 4207 695 4270 tres
710 4204 779 4268 fere
795 4223 913 4270 versus
933 4206 1059 4289 pateat.
1089 4202 1293 4269 Baehreusii
1313 4206 1424 4268 autem
1449 4222 1529 4268 con·

312 4411 313 4416 ‘
384 4434 404 4498 1)
422 4435 442 4489 1.
460 4434 479 4488 1.
497 4433 579 4502 pce.
