3450 5242
808 335 849 398 35

215 520 379 608 appareat
392 519 422 600 ¹).
454 517 657 602 „Rependo“
681 522 792 584 autem
816 519 894 604 quis
914 538 1040 604 negare
1053 523 1166 605 potest
1179 519 1444 587 usitatissimum

213 627 353 694 fuisse?¹
1345 615 1353 622 ’

300 740 342 805 In
375 740 580 806 adhibendis
614 741 764 808 caesuris
798 742 916 807 eodem
950 742 1053 808 mode
1085 762 1156 807 rem
1191 763 1227 807 se
1259 742 1386 807 habere
1406 743 1443 808 in

215 850 375 937 Sapphus
408 850 555 937 epistula
586 853 687 936 atque
719 852 755 917 in
782 851 993 918 carminibus
1027 851 1207 918 Ovidianis
1239 853 1446 919 monstravit

214 961 496 1047 Eschenburgius
517 961 668 1027 numeris
693 963 875 1047 diligenter
889 963 1067 1048 collatis²).
1097 964 1213 1049 Neque
1223 963 1334 1030 Birtio
1349 964 1445 1029 aliud

212 1073 326 1158 magis
358 1071 424 1136 suit
455 1071 636 1138 offensioni
668 1093 771 1158 quam
794 1093 824 1139 v,
851 1077 922 1154 113,
957 1093 1056 1159 quem
1083 1075 1128 1140 ab
1151 1074 1275 1140 Ovidio
1302 1094 1443 1160 prorsus

213 1185 362 1250 alienum
386 1183 547 1264 declarat,
571 1184 697 1269 quippe
719 1184 778 1268 qui
800 1204 869 1250 uon
892 1185 1048 1250 odiosam
1072 1185 1183 1252 selum
1202 1186 1363 1272 praebeat
1375 1184 1444 1251 for-

212 1315 305 1360 mam
334 1313 491 1360 sermone
522 1297 601 1378 post
634 1295 816 1360 secundam
852 1298 886 1360 et
912 1299 1071 1381 quartam
1104 1297 1198 1362 arsin
1229 1297 1350 1378 inciso,
1384 1297 1444 1362 sed

212 1406 324 1492 primo
358 1405 463 1471 etiam
495 1406 580 1491 pede
603 1405 828 1492 spondiacam
856 1427 974 1472 vocem
997 1407 1180 1488 contineat,
1201 1408 1238 1473 id
1262 1408 1353 1493 quod
1374 1427 1444 1472 non

213 1517 443 1583 concesserint
464 1515 533 1582 sibi
556 1516 624 1582 uisi
654 1517 837 1602 scriptores
866 1537 1085 1583 caesurarum
1107 1518 1441 1604 neglegentissimi³).

216 1627 282 1695 Sed
306 1628 500 1693 accuratius
524 1629 583 1713 qui
615 1628 819 1714 inspiciatur
846 1629 905 1694 hic
926 1629 1022 1695 locus
1043 1629 1131 1722 milri
1152 1629 1278 1714 dignus
1301 1649 1374 1695 esse
1395 1629 1445 1694 vi·

212 1740 320 1819 detur,
354 1758 422 1805 non
455 1741 589 1804 tautum
611 1739 693 1824 quia
714 1758 756 1804 ex
778 1759 817 1804 eo
838 1739 965 1806 falsam
987 1759 1060 1806 esse
1089 1740 1255 1826 epistulae
1276 1739 1445 1826 originem

213 1850 370 1916 nonnulli
386 1850 666 1931 concluseruntb,
690 1851 750 1916 sed
772 1851 885 1936 magis
908 1851 1000 1936 quod
1020 1855 1093 1916 tam
1115 1851 1275 1917 insolitus
1297 1854 1331 1916 et
1353 1871 1374 1916 a
1394 1849 1445 1916 la·

212 1962 285 2028 tino
323 1961 476 2026 omnium
512 1964 703 2046 temporum
741 1961 878 2026 dicendi
913 1982 1008 2027 more
1042 1965 1115 2027 tam
1148 1960 1280 2027 alienus
1310 1965 1369 2042 est,
1406 1964 1445 2026 ut

213 2073 367 2158 quaestio
404 2091 466 2138 sua
502 2075 622 2157 sponte
659 2075 830 2153 occurrat,
867 2092 980 2137 noune
1016 2072 1205 2140 consultius
1241 2073 1288 2138 sit
1320 2073 1443 2152 versui,

211 2184 413 2270 priusquam
451 2201 513 2268 pro
552 2186 753 2268 argumento
789 2186 987 2269 usurpetur,
1032 2183 1238 2250 medicinam
1275 2183 1443 2249 adhiberi.

212 2296 323 2361 Locus
361 2293 451 2360 enim
487 2293 554 2358 hoc
586 2295 688 2359 modo
725 2314 768 2359 ex
803 2295 1012 2380 optimorum
1049 2294 1205 2360 codicum
1242 2295 1444 2360 auctoritate

211 2406 352 2492 legitur:

416 2520 576 2594 Postquam
598 2537 630 2580 se
652 2521 735 2580 dolor
756 2522 876 2595 invenit,
900 2538 966 2580 mea
986 2527 1108 2596 pectora
1128 2522 1229 2596 planxi

399 2659 406 2668 ν
501 2624 564 2683 Nec
585 2625 689 2698 puduit
711 2625 810 2684 scissis
833 2625 985 2684 exululare
1007 2626 1107 2684 comis.

299 2764 400 2846 Quod
421 2765 479 2829 hic
501 2765 685 2850 plurimum
710 2764 924 2831 difficultatis
946 2765 1061 2847 habet,
1089 2764 1289 2829 reflexivum
1312 2785 1370 2846 „se
1391 2765 1442 2828 in·

212 2877 326 2940 venit“
350 2895 423 2942 esse
437 2895 498 2961 per
520 2895 557 2941 se
577 2874 799 2961 intellegitur.
837 2876 935 2941 Haec
957 2875 1048 2940 enim
1069 2875 1181 2941 forma
1202 2896 1271 2941 non
1292 2875 1361 2941 nisi
1381 2895 1442 2961 po·

213 2987 418 3054 sterioribus
433 2974 645 3072 temporibus
660 3005 764 3071 eaque
775 3006 962 3072 numquam
979 2987 1160 3071 negatione
1174 3006 1243 3052 non
1266 2986 1385 3051 addita
1405 2987 1442 3051 in

212 3097 338 3164 litteris
360 3098 479 3164 latinis
502 3098 658 3178 occurrit,
682 3098 770 3164 sicut
791 3097 972 3164 Petronius
987 3098 1025 3163 in
1040 3096 1110 3165 Sat.
1127 3102 1167 3164 47
1183 3098 1288 3163 habet
1302 3098 1442 3179 „multis

210 3210 281 3275 iam
320 3209 441 3274 diebus
478 3211 595 3274 venter
627 3208 715 3273 mihi
746 3228 816 3274 non
848 3207 1035 3294 respondit,
1070 3221 1133 3273 n'ec
1161 3208 1286 3274 medici
1319 3228 1355 3274 se
1391 3209 1442 3274 iu-

212 3320 417 3405 veniunt“⁵).
462 3320 560 3386 Unde
591 3320 745 3405 plerique
777 3319 889 3385 critici
923 3319 1078 3384 certatim
1101 3319 1268 3405 collegere
1288 3323 1443 3386 nostram

212 3431 395 3516 epistulam
417 3431 570 3497 Petronii
593 3433 652 3496 aut
673 3431 862 3516 posteriore
885 3434 996 3496 aetate
1019 3431 1209 3496 confectam
1239 3451 1321 3497 esse.
1373 3432 1442 3514 Qui

213 3555 326 3607 autem
362 3543 413 3608 ita
447 3543 617 3623 iudicant,
655 3541 727 3608 sive
759 3546 873 3607 mente
907 3546 1156 3628 praeoccupata
1183 3542 1441 3623 ratiocinantur,

212 3654 285 3719 sive
317 3652 407 3718 falsa
439 3654 565 3738 speciei
598 3653 822 3720 similitudine
855 3654 949 3738 capti
980 3673 1127 3732 sensum,
1162 3673 1297 3738 exque
1326 3654 1443 3718 omnia

210 3764 369 3850 pendent,
405 3764 607 3850 exquisitius
641 3765 837 3830 examinare
870 3764 1061 3829 noluerunt.
1107 3764 1199 3846 Quid
1232 3763 1321 3829 enim
1346 3763 1443 3828 retle·

301 3994 322 4064 l)
339 3996 407 4050 Luc.
424 3993 534 4050 Miller.
553 3995 571 4049 1.
591 3995 609 4048 l.

298 4080 490 4149 2)1.1.ρ.19.

297 4166 317 4232 ³)
335 4165 407 4220 Mus,
425 4165 514 4221 Rhen.
532 4168 574 4220 32.
593 4183 619 4235 p.
631 4167 690 4220 390.

298 4251 321 4320 ⁴>
338 4251 505 4306 Lachmann.
524 4252 542 4306 l.
562 4252 579 4304 l.
615 4250 694 4306 Riesi
711 4251 797 4321 praef.
817 4252 858 4306 ed.
878 4269 903 4321 p.
915 4253 952 4306 X.

299 4338 318 4405 ⁶)
339 4336 373 4390 cf.
392 4335 476 4390 etiem
495 4337 587 4392 Senec.
607 4337 640 4390 de
657 4336 744 4392 benet.
763 4337 799 4406 V,
819 4338 858 4406 12,
877 4337 925 4392 ubi
942 4337 1064 4392 Kochius
1082 4336 1228 4392 lectionem
1243 4335 1376 4390 traditam
1396 4349 1441 4399 „se

213 4421 374 4478 inveniunt“
394 4421 424 4476 in
443 4422 550 4487 „sedem
566 4421 726 4477 inveniunt*
745 4421 847 4478 iniuria
863 4424 992 4479 mutavit.
1028 4423 1061 4477 cf.
1080 4428 1110 4478 et
1125 4423 1236 4477 Patron.
1255 4423 1312 4491 119,
1330 4422 1373 4477 24„
