3450 5242
800 354 841 419 37

202 537 317 602 nullus
352 541 450 619 esset,
485 558 522 604 se
549 539 751 605 imminuere
772 559 842 604 non
863 542 1008 626 poterat.
1052 539 1154 605 Adde
1176 541 1267 626 quod
1290 539 1438 624 cogitari

201 648 328 733 nequit,
352 668 418 735 quo
434 650 536 715 modo
550 649 627 714 fieri
650 651 807 735 potuerit,
831 654 870 717 ut
891 651 991 716 dolor
1012 670 1048 716 se
1069 651 1184 735 ipsum
1206 651 1432 717 imminueret.

202 757 381 825 Praeterea
404 780 482 826 oum
498 763 532 825 et
553 761 800 827 sententiarum
814 762 900 827 ordo
916 765 949 827 11
964 761 1119 846 exempla
1133 761 1262 828 similia
1277 761 1357 827 Met.
1373 762 1436 841 IX,

202 872 279 952 5813
302 870 364 951 IV,
389 875 450 938 137
474 890 548 956 sqq.
573 875 733 936 moneant
753 872 925 957 particula
958 874 1106 958 quadam
1130 892 1215 959 opus
1239 892 1322 954 esse,
1350 891 1437 958 quae

202 981 378 1066 oppositas
402 981 543 1049 affectus
566 987 681 1068 partes
703 984 839 1065 indicet,
862 1002 1053 1070 proponere
1075 986 1202 1051 audeo:

490 1121 547 1182 Sed
568 1105 723 1198 postquam
745 1124 830 1184 dolor
851 1126 969 1184 emersit
993 1170 1000 1184 .
1024 1171 1032 1184 .
1058 1171 1065 1186 .
1090 1171 1097 1184 .

288 1255 384 1337 Quae
417 1256 610 1321 emendatio
645 1255 842 1352 confirmari
874 1260 986 1343 potest
1019 1257 1089 1324 Cic.
1118 1258 1163 1322 ad
1189 1260 1263 1323 Att.
1300 1257 1362 1338 IX,
1397 1262 1437 1326 10

204 1385 314 1446 „nuno
357 1367 502 1452 emergit
534 1371 661 1448 amor“,
700 1370 759 1432 aut
792 1367 855 1446 VI,
892 1373 911 1434 1
946 1368 1090 1449 ,deinde
1123 1369 1268 1454 emergit
1299 1389 1436 1436 rursum
1466 1424 1469 1433 .

202 1477 331 1542 dolor“.
375 1478 505 1543 Locum
539 1481 737 1564 corruptum
770 1499 812 1544 ex
842 1479 971 1545 inscita
1002 1480 1193 1564 primorum
1222 1499 1341 1546 versus
1363 1501 1437 1545 ver-

205 1589 322 1654 borum
348 1590 613 1654 commutatione
636 1589 804 1675 originem
826 1591 966 1656 duxisse
988 1591 1123 1656 adicere
1144 1593 1204 1656 vix
1224 1594 1276 1657 est
1290 1611 1435 1657 necesse.

202 1697 406 1766 Coniectura
427 1700 628 1766 Baehreusii
643 1703 664 1783 ¹)
688 1705 891 1787 „postquam
913 1721 950 1766 se
972 1702 1071 1767 dolor
1088 1702 1254 1767 immisit“
1277 1722 1352 1767 rem
1367 1721 1437 1767 me-

201 1811 324 1876 tricam
346 1811 436 1875 nihil
458 1811 609 1892 adiuvat,
633 1832 740 1897 neque
755 1811 854 1878 Vries
876 1813 1010 1878 felicius
1031 1812 1211 1898 proposuit
1230 1815 1437 1898 ,postquam

202 1924 378 2007 11111111
400 1922 556 2003 minuit“,
592 1943 670 1988 oum
692 1943 754 1988 nec
775 1926 949 2008 torporem
971 1943 1009 2004 11
1029 1924 1145 2008 ipsum
1167 1924 1320 1988 minuere
1343 1923 1438 2008 cogi·

201 2034 270 2098 tari
290 2034 411 2119 possit,
446 2053 507 2098 neo
537 2033 679 2100 offensio
702 2035 739 2098 in
762 2054 844 2100 voce
867 2035 1055 2120 spondiaca
1076 2034 1181 2119 primi
1201 2034 1301 2119 pedis
1323 2035 1438 2118 posita

203 2145 354 2210 tollatur.
370 2181 413 2190 -
429 2143 528 2225 Quod
545 2145 589 2209 ad
604 2144 774 2230 reliquum
797 2145 1052 2211 hemistichium
1074 2145 1205 2225 attinet,
1229 2164 1438 2232 quamquam

203 2255 304 2321 lectio
328 2255 488 2341 ,plangi“
514 2255 556 2320 ab
580 2255 692 2320 activo
717 2255 931 2336 „exululare“
956 2258 1097 2340 excepta
1118 2256 1200 2321 Her.
1222 2255 1286 2337 XI,
1321 2260 1360 2323 91
1385 2276 1436 2343 sq.

203 2366 338 2432 defendi
359 2369 481 2452 potest,
514 2367 606 2432 malo
629 2371 744 2432 tamen
765 2367 947 2453 plerosque
969 2367 1104 2432 codices
1125 2367 1216 2432 inter
1238 2387 1324 2452 quos
1345 2368 1437 2433 Har-

203 2476 353 2542 leianum
376 2478 481 2563 sequi.
526 2476 566 2542 11.
592 2478 672 2543 Her.
697 2479 736 2558 V,
761 2484 817 2558 713
841 2479 921 2543 Met.
944 2478 1045 2559 XIII,
1069 2483 1142 2545 491.

288 2589 386 2653 Ν111
420 2589 461 2653 de
495 2589 602 2654 altero
637 2589 851 2655 Lachmanni
889 2594 1090 2675 argumento
1128 2589 1307 2670 disseram,
1346 2589 1438 2674 quod

205 2719 235 2764 v.
262 2703 322 2766 139
344 2699 484 2784 legitur:

343 2882 348 2896 .
416 2821 499 2898 Illuc
512 2842 617 2900 mentis
639 2841 733 2916 inops,
757 2847 790 2898 ut
813 2857 899 2914 quam
920 2840 1034 2899 furialis
1056 2840 1200 2900 Erichtho

417 2941 526 3016 attigit
549 2987 556 3002 .
582 2988 588 3001 .
614 2987 621 3000 .
1051 2944 1055 2951 ·

286 3084 471 3150 Erichthus
504 3084 593 3149 enim
618 3104 741 3150 nomen
763 3084 800 3149 in
822 3084 899 3150 1111
919 3084 1052 3150 Lucani
1072 3083 1255 3150 Pharsalia
1276 3083 1353 3149 libr.
1375 3083 1435 3165 VI,

201 3216 254 3261 vv,
279 3200 340 3263 507
364 3215 437 3281 sqq.
470 3195 620 3260 occurrit
641 3198 674 3260 et
700 3194 885 3260 veneficam
915 3195 1087 3280 quandam
1109 3194 1345 3261 Thessalicam
1380 3196 1437 3261 de-

201 3307 326 3392 signat,
354 3306 449 3372 cuius
472 3325 536 3391 111
556 3306 697 3392 Pompei
719 3306 840 3391 Magni
862 3305 956 3374 filins
976 3325 1059 3372 usus
1083 3310 1135 3373 est
1157 3307 1202 3372 ad
1225 3306 1438 3393 exploranda

201 3418 284 3484 belli
298 3418 378 3483 sata.
416 3419 537 3504 Itaque
551 3421 671 3484 nostro
687 3437 788 3484 versu
804 3418 889 3482 haec
902 3437 1009 3503 maga
1023 3417 1164 3482 minime
1179 3417 1293 3483 locum
1310 3417 1438 3482 habere

200 3533 322 3614 potest,
356 3530 483 3614 qnippe
516 3549 602 3614 quae
630 3529 810 3610 neminem,
845 3530 877 3594 si
898 3528 1029 3594 Lucani
1053 3529 1157 3593 verba
1179 3529 1363 3614 sequimur,
1399 3529 1437 3594 in

202 3639 386 3704 amentiam
424 3640 551 3706 amoris
588 3639 772 3725 impulerit.
822 3640 939 3725 Neque
977 3639 1114 3705 admitti
1149 3642 1263 3724 potest
1297 3634 1436 3724 poetam

201 3753 365 3831 nostrum,
394 3751 452 3836 qui
475 3749 628 3835 alioquin
650 3751 686 3815 in
709 3751 809 3816 rebus
832 3750 995 3834 mythiois
1017 3754 1090 3814 tarn
1112 3753 1267 3816 versatus
1291 3750 1436 3832 videtur,

200 3862 305 3926 talem
341 3861 514 3927 inscitiam
552 3861 776 3928 commisisse.
832 3860 1054 3946 Comparatio
1089 3860 1199 3946 igitur
1235 3864 1293 3941 ,ut
1332 3880 1437 3946 qnam

199 3970 333 4038 furialis
366 3971 533 4038 Erichtho
567 3972 702 4057 attigit“
737 3972 853 4056 inepta
886 3974 938 4038 est
971 3990 1080 4056 neque
1115 3971 1278 4038 sustineri
1309 3974 1432 4057 potest,

200 4083 400 4167 praesertim
435 4103 513 4148 eum
546 4084 674 4149 mentio
709 4083 794 4149 artis
827 4083 992 4166 magicae,
1027 4101 1113 4167 qnae
1140 4082 1291 4146 maxime
1314 4082 1435 4148 odiosa

201 4193 292 4279 apud
326 4195 484 4280 antiquos
518 4198 599 4275 erat,
633 4195 808 4260 Phaonem
840 4194 1036 4259 abalienare
1061 4212 1125 4278 par
1147 4196 1244 4259 esset.
1289 4193 1434 4258 Accedit

208 4469 213 4476 ·
287 4435 309 4502 ¹)
326 4434 345 4488 l.
364 4433 382 4489 l.
400 4451 426 4503 p.
438 4434 480 4490 59.
