3450 5242
895 329 914 392 6
989 303 992 310 .

292 511 510 578 Elzeviriana
532 531 609 578 ann.
636 517 717 581 1629
745 511 904 598 Sapphus
926 511 1109 598 epistulam
1130 513 1262 599 primus
1285 512 1521 579 collocaverat.

293 623 394 705 Quod
413 624 561 689 maxime
572 624 697 690 mirum
720 628 780 706 est,
804 623 967 710 quoniam
990 643 1032 688 ne
1052 644 1159 689 unum
1182 623 1320 710 quidem
1330 623 1521 689 Heroidum

292 735 538 821 exemplarium
559 735 744 800 memoriae
765 735 930 801 traditum
953 738 1014 816 est,
1038 736 1129 821 quod
1151 735 1249 801 illum
1265 735 1419 801 ordinem
1442 754 1524 800 oon·

291 844 413 912 firmet.
458 845 670 912 Habueritne
703 847 748 911 ad
774 866 914 912 manum
941 845 1180 913 celeberrimus
1213 847 1323 912 editor
1344 846 1443 911 illum
1465 866 1522 910 ex·

291 958 484 1042 cerptorum
507 956 658 1022 codicem
682 977 725 1022 an
749 957 855 1024 alium
878 958 1024 1024 tortasse
1042 957 1215 1043 integrum
1229 976 1312 1023 mox
1332 957 1522 1044 periturum

290 1071 425 1134 secutus
448 1068 508 1148 sit,
532 1067 837 1150 111111111111111.Ι
867 1067 937 1136 Sed
958 1068 1100 1134 minime
1126 1068 1311 1134 concedere
1337 1085 1520 1154 possumus

290 1178 661 1246 Ι)1111111111Η1111111111
685 1178 872 1244 divinando
895 1178 950 1244 vel
962 1180 1006 1244 ad
1028 1199 1127 1245 suum
1142 1179 1324 1244 arbitrium
1339 1179 1390 1244 sic
1410 1178 1522 1263 egisse

289 1309 398 1376 neque
420 1291 492 1356 veri
507 1293 559 1356 est
573 1290 685 1356 simile
695 1289 877 1356 Nicolaum
892 1290 964 1356 eius
979 1288 1100 1371 filium,
1117 1290 1292 1356 assiduum
1305 1289 1522 1375 antiquitatis

290 1401 550 1486 exploratorem,
572 1401 610 1466 in
625 1401 682 1466 via
703 1405 836 1488 epatre
851 1405 1043 1468 monstrata
1063 1404 1189 1467 temere
1204 1400 1522 1486 inconsideratequc

289 1530 532 1598 perseverasse.

374 1621 565 1708 Utcumque
579 1643 634 1690 res
650 1623 724 1704 erit,
748 1643 786 1689 eo
798 1622 997 1689 testimonio
1012 1625 1102 1688 certe
1116 1623 1294 1704 evincitur,
1310 1622 1521 1710 quodetiam

289 1731 569 1802 Schneidewinus
591 1735 673 1821 ipse,
697 1738 735 1800 ut
750 1737 960 1820 agnosceret,
984 1730 1153 1801 adductus
1168 1738 1229 1816 est,
1253 1734 1436 1820 epistulam
1449 1734 1521 1799 iam

289 1846 424 1912 saeculo
445 1847 536 1913 XIII
557 1867 624 1912 non
641 1846 752 1914 solum
768 1847 950 1928 exstitisse,
974 1846 1210 1912 verumetiam
1231 1846 1269 1911 in
1288 1864 1429 1931 corpore
1443 1845 1521 1930 ipso

288 1957 477 2023 Heroidum
506 1957 756 2024 Ovidianarum
781 1957 896 2023 locum
922 1958 1092 2024 habuisse.
1143 1957 1277 2039 Quibus
1303 1976 1520 2042 nequaquam

288 2068 361 2134 leve
395 2072 454 2135 aut
484 2069 675 2135 invalidum
703 2068 953 2134 adminiculum
985 2069 1089 2134 etiam
1115 2087 1155 2133 eo
1183 2067 1333 2149 affertur,
1367 2068 1458 2153 quod
1484 2068 1522 2132 in

288 2177 433 2266 Speculo
455 2179 638 2246 Historiali
665 2201 686 2245 a
708 2180 888 2246 Vincentio
910 2179 1161 2260 Bellovacenei,
1195 2180 1313 2247 sedulo
1341 2183 1521 2264 poetarum

287 2291 489 2358 Latinorum
512 2295 715 2377 excerptore,
740 2311 906 2358 annorum
930 2293 1279 2376 1111111241-1254
1301 2290 1521 2355 hauddubie

289 2401 484 2487 conscripto
506 2421 594 2468 unns
615 2401 804 2468 versIculus
821 2409 862 2471 96
879 2402 998 2469 eodem
1019 2402 1105 2483 loco,
1128 2403 1194 2467 ie.
1217 2402 1521 2488 postHypermne-

290 2516 382 2578 strae
405 2513 586 2598 epistulam
609 2513 795 2580 collocatus
817 2515 959 2599 legitur:

578 2629 731 2703 Ingenium
752 2631 852 2689 nimiis
875 2628 976 2690 deficit
997 2647 1081 2690 omne
1102 2631 1187 2688 malis
1197 2626 1229 2709 ¹).

374 2733 441 2802 Sed
453 2734 559 2799 alium
571 2755 706 2821 quoque
728 2736 906 2822 aliquanto
921 2737 1095 2821 antiquius
1106 2736 1313 2821 florilegium
1325 2734 1517 2801 Parisinum

288 2846 335 2930 (11.
361 2847 460 2931 7642)
482 2847 585 2932 idque
605 2849 901 2913 membranaceum
933 2847 1069 2913 saeculo
1090 2848 1162 2913 XII
1188 2847 1362 2912 desinente
1392 2844 1446 2910 vel
1467 2846 1519 2910 in-

288 2957 434 3043 cipiente
454 2957 544 3023 XIII
559 2962 745 3041 exaratum,
762 2959 854 3044 quod
870 2959 1006 3024 nomine
1021 2959 1219 3024 Thuaneum
1237 2957 1404 3044 appellari
1422 2956 1518 3037 solet,

287 3068 402 3153 plnres
426 3067 584 3155 Sapphus
608 3069 773 3154 epistulae
784 3089 904 3136 versus
927 3070 1087 3150 continet,
1111 3087 1196 3154 quos
1212 3070 1344 3135 Gaston
1355 3069 1518 3150 BoiSsier,

289 3179 456 3263 magister
487 3180 698 3264 praeclarus,
731 3181 992 3267 promptissima
1024 3200 1092 3265 qua
1125 3183 1176 3246 est
1213 3179 1447 3245 benevolentia
1480 3200 1521 3245 ac

288 3288 496 3355 liberalitate
517 3311 630 3357 meum
644 3292 682 3357 in
696 3311 796 3358 usum
820 3292 1003 3377 descripsit
1023 3290 1179 3356 leviculis
1194 3289 1296 3354 modo
1313 3289 1520 3374 quibusdam

289 3399 479 3485 scripturae
500 3402 740 3487 dIscrepantiis
762 3403 902 3467 omissis
916 3401 1070 3486 mihique
1090 3419 1151 3485 per
1169 3400 1302 3465 litteras
1316 3400 1519 3467 transmisit.

288 3510 346 3576 Illi
368 3531 486 3577 versus
509 3514 589 3576 sunt
610 3512 752 3578 huiusce
774 3512 883 3577 modi:

442 3623 507 3704 (14)
572 3625 646 3686 Sunt
669 3643 778 3686 vacuae
801 3627 933 3686 carmma
954 3622 1063 3706 opus2)

442 3726 508 3808 (31)
531 3729 562 3788 si
584 3729 655 3787 mihi
678 3728 806 3789 (1111111111
828 3728 952 3788 formam
973 3734 1080 3787 natura
1100 3729 1228 3803 negavit,

441 3828 507 3910 (31)
571 3833 692 3906 Ingenio
719 3831 830 3892 formae
853 3832 978 3906 dampna
999 3832 1127 3906 rependo
1148 3848 1240 3891 meae.

443 3931 508 4013 (33)
531 3934 601 3993 Sum
623 3935 733 4009 brevis;
756 3942 788 3994 at
809 3951 914 3994 nomen
936 3935 1013 4009 quod
1035 3940 1129 3994 terras
1151 3935 1271 4009 impleat
1292 3950 1401 4007 omnes,

441 4032 507 4115 (34)
572 4037 628 4097 Est
648 4038 734 4096 mihi:
758 4055 924 4097 mensuram
945 4039 1071 4097 nominis
1091 4039 1156 4112 ipsa
1177 4036 1251 4096 lero.

288 4169 492 4180 ι--ι-.-

378 4237 395 4303 ¹)
413 4252 439 4292 v.
457 4235 623 4306 Sedlmayer.
641 4237 726 4294 Proll.
744 4254 770 4306 p.
788 4238 823 4292 32
841 4243 871 4292 et
889 4236 1067 4304 comparatu
1087 4237 1106 4292 l.
1124 4237 1143 4292 l.
1161 4238 1243 4304 1125.
1275 4237 1367 4304 Vries,
1385 4237 1404 4291 1.
1417 4236 1435 4291 1.
1454 4252 1480 4305 p.
1492 4237 1520 4292 4.

374 4321 630 4388 2)Ρ111111111111111
657 4327 701 4378 est
727 4322 771 4376 hie
792 4321 946 4377 versiculus
968 4320 997 4376 in
1015 4320 1409 4390 111111111111110111111111111
1431 4337 1459 4390 p.
1471 4321 1518 4387 21;

289 4419 378 4472 neque
394 4405 478 4460 Vries
498 4422 559 4461 cum
576 4412 703 4462 accurate
720 4406 868 4476 descripsit
893 4423 920 4475 p.
931 4408 957 4460 3.
