3450 5242
913 359 953 422 12

318 545 358 607 ut
383 561 474 607 nunc
501 545 567 621 est,
595 543 679 606 toto
696 540 790 607 coelo
814 541 944 608 distare
965 542 1067 627 plane
1093 542 1310 608 manifestum
1333 544 1397 622 est,
1428 562 1545 628 neque,

317 659 357 719 ut
384 655 526 720 adeam
550 653 753 719 sententiam
777 654 1030 739 perveniamus
1059 654 1145 721 satis
1168 655 1233 719 erit
1253 674 1391 720 versum
1411 655 1546 718 tantum

322 766 529 846 emendasse,
553 765 613 831 sed
632 765 746 850 magis
769 784 807 829 eo
829 764 982 850 relegato
1004 765 1111 830 alium
1133 785 1260 830 novum
1281 766 1319 830 in
1341 765 1413 830 eins
1434 764 1547 829 locum

319 879 534 963 subrogasse.
585 877 681 959 Quae
715 875 911 962 corrigendi
936 877 1027 942 ratio
1055 896 1135 941 vero
1162 877 1300 942 nomine
1326 875 1546 961 interpolatio

319 989 520 1076 appellatur.
569 988 750 1054 Praeterea
783 987 888 1052 etiam
921 986 953 1053 si
979 987 1107 1052 Vriesii
1138 986 1454 1073 interpretationem
1487 987 1547 1051 ad-

318 1101 528 1180 miserimus,
554 1099 617 1165 illa
638 1097 785 1179 insulsa,
813 1099 855 1163 de
877 1118 945 1184 qua
968 1099 1137 1179 diximus,
1166 1099 1368 1183 repetitione
1393 1117 1463 1162 non
1490 1117 1547 1162 ex·

318 1212 507 1298 pediemur,
530 1229 612 1276 nam
634 1229 674 1275 ea
696 1229 783 1295 quae
801 1229 855 1273 vv.
873 1213 1025 1277 33⁸-34·
1040 1209 1214 1290 dicuntur,
1237 1209 1292 1274 vel
1313 1208 1546 1293 superioribus

318 1308 373 1390 ¹vel
395 1321 681 1408 subsequentibus
704 1321 929 1386 continentur.
975 1319 1105 1387 Contra
1125 1324 1205 1405 post
1226 1319 1397 1385 distichon
1419 1321 1546 1387 31-32

317 1435 508 1502 rectissime
531 1436 774 1499 enumerantur
797 1432 952 1517 corporis
974 1431 1061 1496 vitia
1082 1431 1349 1516 refirtanturque.

404 1547 483 1611 Iure
518 1544 628 1628 igitur
659 1543 730 1608 iam
764 1542 904 1628 pristini
937 1543 1085 1609 editores
1118 1542 1274 1609 versibus
1308 1547 1469 1611 33⁸—3r
1495 1563 1548 1608 re-

318 1657 471 1744 pudiatis
493 1660 640 1722 veterem
667 1655 850 1720 lectionem
876 1654 1111 1735 vindicarunt,
1139 1674 1248 1739 neque
1273 1654 1381 1719 ullam
1407 1673 1548 1720 excusa-

318 1769 447 1834 tionem
469 1768 574 1832 habet
594 1766 824 1831 Baehrensius
847 1765 994 1831 alterum
1016 1784 1150 1850 quoque
1172 1763 1345 1830 distichon
1368 1765 1546 1850 recipiens,

318 1882 437 1966 utpote
459 1879 551 1964 quod
574 1877 712 1972 aliunde
734 1876 822 1942 forte
843 1878 988 1962 petitum
1000 1878 1023 1959 ¹)
1046 1878 1147 1962 atque
1168 1875 1343 1941 incondite
1366 1881 1547 1943 consutum

318 1991 426 2078 inepti
453 1989 631 2056 cuiusdam
658 1988 915 2074 interpolatoris
944 2007 1083 2052 manum
1110 1991 1212 2073 atque
1238 1989 1391 2054 studium
1412 1988 1545 2073 prodat.

404 2103 568 2168 Eiusdem
589 2100 685 2166 modi
712 2099 1010 2184 interpolationem
1032 2099 1161 2165 habent
1186 2100 1291 2165 iidem
1317 2099 1452 2166 codices
1473 2118 1547 2164 ver-

320 2233 395 2280 sum
420 2218 480 2281 162
503 2213 554 2279 sic
575 2213 793 2299 praebentes:

612 2361 770 2420 Formosus
792 2378 866 2435 puer
887 2367 933 2420 est
954 2363 1033 2421 visus
1055 2363 1159 2423 adesse
1181 2363 1253 2422 mihi

318 2524 382 2592 pro
405 2523 472 2591 quo
493 2504 531 2569 in
553 2501 823 2568 Francofmtano
846 2502 921 2568 solo
942 2502 1083 2586 legitur:

590 2651 730 2711 Constitit
752 2657 820 2711 ante
843 2654 942 2711 oculos
964 2653 1057 2712 Naias
1079 2671 1139 2712 una
1159 2670 1250 2712 meos.

319 2816 423 2883 quam
445 2795 626 2860 lectionem
648 2794 759 2860 solam
782 2813 856 2859 esse
877 2798 1008 2860 rectam
1030 2798 1173 2880 apparet
1195 2816 1236 2860 ex
1258 2815 1288 2858 v.
1315 2799 1392 2861 175:

520 2946 640 3018 Ibimus,
664 2962 681 3004 o
703 2943 838 3019 nymphe,
861 2950 1089 3020 monstrataque,
1113 2961 1185 3004 saxa
1206 2951 1348 3019 petemus.

318 3085 386 3150 Illa
412 3090 527 3151 autem
547 3085 768 3171 interpolatio
791 3104 859 3170 quo
885 3086 988 3150 modo
1015 3086 1052 3150 in
1079 3086 1214 3152 codices
1235 3086 1425 3172 irrepserit,
1447 3085 1548 3151 facile

320 3199 372 3262 est
412 3196 595 3262 intellectu.
657 3196 829 3261 Nimirum
872 3195 910 3260 in
946 3197 1146 3282 apographo
1183 3197 1333 3282 quodam
1370 3196 1546 3281 archetypi

319 3309 459 3393 propter
480 3307 571 3372 idem
594 3307 832 3392 subsequentis
854 3326 973 3372 versus
994 3308 1132 3372 initium
1155 3308 1323 3374 excidisse
1337 3309 1547 3392 pentameter

319 3417 468 3498 videtur,
497 3417 534 3482 in
558 3417 653 3482 cuius
681 3416 795 3481 locum
819 3416 946 3482 sciolus
969 3416 1093 3502 aliquis
1115 3418 1318 3483 temerarius
1339 3417 1547 3484 versiculum

320 3531 353 3592 et
373 3527 496 3594 inscite
518 3526 767 3593 conformatum
790 3530 824 3591 et
844 3527 935 3592 male
958 3528 1213 3593 convenientem
1235 3529 1503 3613 subrogavit²)“.

407 3829 425 3896 ¹)
446 3827 550 3884 Similis
569 3843 667 3884 versus
684 3826 790 3896 legitur
811 3827 886 3896 apud
903 3825 1083 3882 Theodolfnm
1100 3826 1330 3883 Aurelianensem
1353 3828 1434 3898 episc
1456 3828 1546 3883 Oarm.

319 3912 358 3982 H,
376 3915 401 3983 2,
419 3915 465 3968 31⁸
523 3999 582 4054 Nec
598 3999 651 4054 tibi
670 3998 843 4067 displiceant,
861 3997 991 4065 quoniam
1008 4003 1075 4052 sunt
1093 4014 1203 4068 corpore
1220 3979 1314 4067 parva.

319 4119 353 4174 of.
371 4118 573 4174 Pseudo-Ovid.
592 4119 626 4174 de
643 4119 750 4174 aurium
767 4118 946 4174 medicamine
964 4117 1101 4187 (Seebodii
1119 4118 1184 4173 bibl.
1202 4118 1263 4173 crit.
1276 4119 1343 4173 1829
1360 4136 1387 4174 n.
1399 4120 1446 4184 613
1463 4119 1547 4173 Kana

319 4205 353 4259 de
370 4203 464 4261 Ovidii
480 4206 549 4260 med.
568 4205 620 4260 fac.
638 4222 665 4273 p.
676 4206 723 4274 29)
741 4221 768 4259 v.
781 4205 807 4258 1:

522 4308 566 4362 Ne
583 4306 635 4362 tibi
653 4306 821 4376 displiceam,
839 4305 905 4374 quia
922 4304 963 4360 sic
980 4322 1040 4361 sum
1057 4321 1170 4374 corpore
1187 4322 1298 4375 parvus.

405 4426 428 4497 ²)
445 4427 594 4483 Baehrens.
612 4427 631 4482 l.
651 4427 669 4481 l.
688 4444 713 4496 p.
727 4427 768 4481 53.
803 4425 895 4481 Vries.
914 4427 933 4480 l.
951 4425 970 4481 1.
988 4442 1015 4494 p.
1027 4426 1070 4481 97.
