3450 5242
794 385 833 447 15

401 575 443 632 Et
464 573 501 632 do
523 571 654 632 nimboso
676 573 783 631 saltim
804 573 934 632 leucae
955 571 1084 631 minatur

400 677 535 736 Mascula
556 676 707 735 Lesbiacis
729 675 846 750 Sappho
868 675 1001 749 peritura
1022 673 1176 755 sagittis')

224 831 230 842 “
281 809 348 877 His
370 808 526 874 versibus
559 809 727 874 adductus
755 805 1010 893 Comparettius
1037 809 1102 888 est,
1129 811 1168 872 nt
1195 808 1430 893 suspicaretur

195 921 392 989 Ausonium
413 923 567 986 nostram
592 918 776 1005 epistulam
799 920 879 983 ante
893 917 1011 984 oculos
1026 918 1198 995 habuisse,
1222 939 1299 984 cum
1313 920 1429 987 nullus

195 1033 286 1099 alius
320 1030 534 1117 antiquitatis
569 1034 688 1096 auctor
721 1033 824 1108 esset,
859 1030 995 1115 dequo
1028 1028 1114 1095 illud
1146 1029 1313 1097 indicium
1339 1034 1431 1099 sumi

195 1142 401 1230 potuisset2)
446 1141 523 1234 Qua
544 1141 581 1206 in
603 1161 641 1207 re
663 1141 888 1226 disceptanda
909 1139 965 1206 vir
987 1141 1118 1222 doctus,
1141 1161 1219 1206 eum
1246 1142 1428 1227 epistulam

197 1253 306 1318 nimio
338 1253 451 1319 studio
474 1252 652 1318 vindicare
675 1251 800 1317 Ovidio
822 1251 934 1333 vellet,
969 1251 1122 1336 graviter
1152 1271 1311 1338 peccasse
1340 1254 1429 1320 mihi

197 1365 339 1430 videtur.

279 1477 368 1542 Nam
402 1495 511 1562 neque
532 1472 712 1540 Heroidem
740 1473 882 1554 nomini,
917 1493 984 1559 quo
999 1474 1175 1540 Ausonius
1197 1476 1314 1557 utitur,
1350 1478 1426 1542 tan-

193 1589 267 1653 tum
300 1586 463 1673 ponderis
485 1585 706 1651 tribuendum
728 1588 789 1666 est,
823 1584 1002 1650 utstatim
1025 1585 1067 1650 de
1088 1585 1237 1652 Nasonis
1270 1587 1426 1673 epistulis

195 1698 376 1783 cogitetur,
411 1695 470 1782 qui
503 1717 561 1762 eas
593 1715 781 1782 numquam
812 1696 879 1761 hoo
911 1694 1049 1761 nomine
1081 1697 1286 1781 designavit,
1319 1718 1428 1784 nequo

195 1808 302 1874 verba
332 1808 450 1874 saltam
485 1807 636 1874 minator
671 1806 774 1893 plane
809 1806 953 1872 eandem
986 1805 1146 1891 Sapphus
1189 1809 1425 1876 condicionem

196 1922 296 2005 atque
317 1919 353 1984 in
368 1923 486 1986 nostra
501 1919 648 2005 epistula
670 1916 918 2003 significans),
942 1917 1002 1983 sed
1023 1917 1137 2003 potins
1159 1938 1303 2004 pronam
1325 1925 1428 2007 poeta

196 2033 297 2118 atque
318 2031 356 2095 in
379 2030 551 2115 gurgitem
573 2029 785 2110 inclinatam,
813 2027 948 2112 qualem
972 2030 1050 2093 ants
1071 2029 1189 2095 oculos
1214 2031 1344 2116 pictam
1366 2032 1427 2098 ha-

193 2141 298 2206 bebat
329 2160 405 2205 eam
439 2139 601 2224 effingere
634 2139 756 2204 studet.
812 2138 993 2204 Praeterea
1025 2139 1085 2224 qui
1106 2141 1255 2206 Ausonii
1288 2161 1425 2208 carmen

195 2251 397 2335 diligentius
418 2249 617 2335 inspexerit,
645 2268 714 2315 non
736 2250 827 2314 idem
851 2253 1089 2335 argumentum
1121 2251 1280 2318 inveniet.
1321 2253 1427 2320 Poeta

196 2361 287 2426 enim
308 2360 574 2445 Burdegalensis
598 2379 655 2426 eas
676 2341 809 2445 puellas
831 2360 869 2425 in
891 2360 1041 2426 medinm
1062 2360 1203 2447 profert,
1236 2383 1323 2448 quae
1342 2384 1426 2451 prae

196 2491 312 2538 amore
334 2475 478 2538 mortem
502 2471 682 2558 oppetiere,
705 2475 743 2536 ut
765 2471 839 2557 ipse
862 2471 947 2537 dioit
967 2492 1022 2538 vv.
1046 2476 1066 2540 3
1089 2492 1154 2559 sq:

391 2605 482 2680 Orgia
502 2605 647 2664 ducebant
668 2605 813 2664 Heroides
836 2610 867 2663 et
888 2621 943 2664 sua
965 2621 1104 2679 quaeque,

393 2708 435 2768 Ut
456 2707 601 2782 quondam
623 2707 802 2779 occiderant,
824 2707 878 2766 leti
900 2714 1072 2780 argumenta
1092 2708 1241 2783 gerebant.

195 2843 228 2903 et
248 2839 340 2904 infra
360 2860 413 2904 vv.
438 2844 478 2907 65
502 2860 591 2926 sqq:

351 2979 478 3040 Cunctae
500 2981 709 3055 exprobrantes
731 2981 851 3040 tolerati
872 2980 1002 3055 insignia
1021 2981 1074 3041 leti

348 3083 528 3157 Expediunt:
551 3083 623 3142 haec
646 3101 729 3142 arma
750 3089 864 3158 putant,
887 3083 963 3144 haec
982 3085 1056 3144 ultio
1079 3085 1182 3158 dulcis,

347 3186 429 3244 Haec
450 3186 585 3259 laqueum
606 3191 694 3259 tenet,
718 3187 791 3246 haec
813 3187 940 3260 speciem
961 3188 1108 3246 mucronis
1129 3187 1245 3246 inanem

346 3288 467 3362 Ingerit,
490 3288 542 3346 illa
564 3305 650 3347 cavos
673 3306 772 3347 amnes
795 3307 954 3364 rupemque
975 3288 1134 3364 fragosam,
1158 3295 1213 3348 oet.

193 3419 315 3504 quibus
338 3419 470 3485 ultimis
493 3420 609 3486 verbis
624 3419 785 3506 Sapphus
806 3422 929 3487 mortis
950 3422 1079 3487 mentio
1101 3423 1176 3488 sine
1198 3422 1302 3488 dubio
1323 3423 1424 3490 illata

191 3532 250 3596 est.
294 3529 348 3594 Ex
370 3531 536 3616 epistulae
558 3533 671 3596 autern
695 3532 850 3598 versibus
865 3536 1033 3600 roo-184
1052 3553 1130 3598 oum
1144 3535 1223 3598 Am.
1240 3535 1296 3615 11,
1316 3539 1365 3616 18,
1379 3540 1421 3604 34

192 3640 382 3706 coniunctis
416 3642 596 3708 manifesto
630 3641 786 3724 efficitur,
821 3643 1038 3729 Sapphonem
1071 3663 1140 3709 non
1172 3628 1284 3710 solum
1317 3646 1423 3712 saltui

191 3753 385 3837 perpetrato
419 3753 636 3837 superstitem
668 3752 784 3835 fuisse,
818 3775 937 3819 verum
971 3755 1074 3820 etiam
1101 3755 1281 3820 aPhaone
1302 3760 1422 3842 postea

192 3865 351 3926 amatam.
397 3860 464 3928 Sed
486 3862 528 3963 de
549 3863 606 3928 his
627 3863 769 3930 inferius
791 3865 892 3951 plura
913 3864 1106 3951 disputabo.

276 4049 295 4114 ¹)
314 4049 398 4103 Hunc
422 4065 533 4103 versum
556 4049 680 4104 additum
703 4066 764 4105 esse
787 4047 821 4106 in'
835 4051 955 4106 editione
974 4051 1089 4120 Ugoleti
1112 4069 1136 4107 a.
1156 4053 1234 4121 1499,
1262 4057 1295 4106 ut
1321 4053 1421 4108 lacuna

190 4135 359 4202 expleretur,
386 4150 456 4200 quae
477 4140 541 4203 post
563 4136 636 4190 v.24
657 4135 687 4190 in
709 4136 844 4191 codicibus
867 4142 952 4206 esset,
980 4137 1150 4192 demonstrat
1173 4138 1291 4193 Schenkl
1316 4156 1342 4208 p.
1362 4140 1420 4194 122.

190 4217 245 4273 Sed
262 4219 312 4273 hoo
331 4235 412 4273 versu
429 4235 573 4287 possumus
592 4235 683 4275 carere
702 4222 781 4276 salva
798 4227 895 4276 nostra
912 4222 1108 4291 disputatione.

275 4305 294 4370 ²)
316 4303 531 4373 Comparettium
550 4311 660 4361 secutus
679 4312 722 4360 est
739 4307 822 4362 Vries
841 4309 859 4362 l.
881 4309 900 4369 l.
918 4325 944 4375 p.
957 4309 1007 4362 122
1017 4324 1056 4376 sq.

275 4390 297 4459 ³)
314 4389 396 4444 Dixit
414 4390 486 4445 enim
504 4391 539 4446 V.
556 4391 593 4446 D.
611 4391 629 4445 l.
648 4391 665 4444 l.
684 4392 762 4446 haee:
791 4392 847 4447 Del
865 4398 953 4461 resto,
971 4392 1212 4462 l'atteggiamento
1231 4393 1259 4448 di
1277 4394 1351 4449 Saffo
1370 4395 1420 4450 ohe

190 4474 317 4530 minatur
334 4475 435 4530 eddam
455 4477 610 4546 eappunto
628 4477 720 4542 quello
739 4477 843 4532 ch'essa
860 4479 897 4532 ha
914 4479 990 4533 nella
1007 4483 1104 4533 nostra
1122 4479 1247 4547 epistola.
