3450 5242
889 349 929 413 36

293 533 411 598 xivum
434 551 492 614 „se
514 532 686 598 invenire“
709 536 768 599 aut
789 532 916 598 rectius
949 552 1039 613 „non
1061 552 1098 598 se
1125 533 1299 598 invenire“
1332 532 1538 619 significat?

293 644 370 709 Non
393 663 429 709 se
450 643 604 708 invenire
626 643 787 709 dicuntur
807 643 844 723 ii,
880 645 948 729 qui,
978 645 1136 729 quamvis
1156 644 1335 711 facultates
1359 647 1539 730 quasdam

293 754 452 839 viresque
473 754 599 818 habere
621 753 798 833 ducantur,
832 754 870 819 in
893 774 929 820 re
950 757 1066 820 tamen
1092 755 1311 840 inexpectata
1339 759 1402 820 aut
1425 757 1539 820 ardua

294 883 333 929 10
357 864 566 930 confusionis
600 868 659 929 aut
679 864 921 950 trepidationis
950 866 1100 946 veniunt,
1134 867 1279 933 1111111111
1299 868 1417 947 scium,
1452 868 1540 950 quod

292 975 428 1060 fucisci,
462 975 552 1041 sicut
583 975 717 1056 medici,
752 976 794 1040 de
827 976 954 1061 quibus
984 977 1165 1043 Petronius
1198 981 1326 1043 narrat.
1377 979 1483 1043 Nunc
1505 978 1539 1044 si

292 1105 462 1172 ponamus
485 1086 551 1152 hoc
571 1086 771 1152 reflexivum
803 1087 907 1152 etiam
929 1088 1111 1172 negatione
1132 1089 1262 1154 omissa
1294 1090 1471 1175 usurpari,
1506 1090 1539 1156 si

294 1183 531 1279 concedamus,
568 1197 659 1283 quod
691 1198 842 1262 maxime
876 1198 1104 1284 improbabile
1141 1202 1201 1280 est,
1239 1200 1276 1264 id
1309 1220 1379 1266 non
1419 1201 1537 1266 solum

294 1309 335 1373 de
368 1309 533 1395 personis
572 1309 632 1375 sed
665 1309 707 1374 de
739 1309 841 1374 rebus
876 1290 985 1374 etiam
1014 1309 1093 1391 dici,
1133 1313 1166 1374 et
1198 1311 1229 1376 si
1258 1311 1399 1376 tandem
1434 1311 1538 1378 illam

293 1419 581 1504 significationem
626 1438 730 1505 supra
774 1421 965 1507 expositam
999 1420 1209 1486 affirmativa
1240 1421 1374 1489 ratione
1411 1427 1537 1491 nostro

292 1530 369 1596 loco
403 1532 577 1617 applicare
598 1533 758 1614 1111111111,
787 1533 946 1618 quisnam
977 1532 1170 1598 intellectus
1194 1531 1379 1598 efficietur?
1425 1534 1536 1621 Equi-

296 1642 374 1708 dem
406 1643 495 1708 nihil
528 1643 725 1729 intellegere
753 1663 808 1708 me
839 1644 949 1709 fateor
981 1663 1089 1729 neque
1120 1643 1292 1708 affirmare
1323 1644 1537 1713 1111111010-

294 1772 371 1818 cum
409 1759 607 1840 corruptum
640 1774 723 1821 esse.
777 1755 819 1820 In
850 1755 984 1820 medela
1016 1758 1127 1820 autem
1160 1754 1367 1820 invenienda
1392 1777 1537 1824 neccsse

294 1867 346 1929 est
368 1883 629 1950 cognoscamuS,
659 1866 742 1952 quid
762 1869 866 1951 poeta
888 1866 1037 1931 scribere
1058 1865 1212 1930 voluerit.
1249 1865 1350 1947 Quod
1371 1871 1412 1934 ut
1434 1890 1535 1936 erua-

293 1995 384 2056 mus,
411 1996 480 2041 non
502 1977 681 2062 superiora
711 1977 811 2042 modo
840 1977 907 2042 duo
938 1976 1088 2042 disticha
1115 1977 1436 2064 animadvertenda,
1472 1983 1534 2049 scd

294 2087 322 2152 ii
344 2108 477 2175 quoque
498 2093 673 2174 poetarum
704 2089 772 2155 loci
799 2089 836 2154 in
863 2108 1006 2154 examen
1028 2088 1175 2153 vocandi
1202 2091 1296 2168 sunt,
1331 2087 1459 2173 quibus
1488 2087 1535 2152 si·

296 2199 390 2264 milis
417 2201 585 2265 sententia
613 2201 835 2266 contineatur.
887 2203 941 2265 Ac
961 2201 1110 2285 primum
1139 2200 1276 2285 quidem
1304 2219 1345 2264 ex
1373 2199 1535 2264 versibus

298 2313 475 2378 110-114
504 2313 594 2375 certe
616 2311 736 2396 colligi
757 2315 871 2396 potest
894 2311 1002 2375 animi
1024 2310 1183 2376 affectum
1205 2312 1241 2375 in
1265 2311 1332 2376 duo
1355 2314 1535 2375 momenta

295 2420 431 2486 diversa
454 2424 597 2506 aposta
619 2421 768 2487 divisum
792 2441 879 2502 esse,
904 2441 1049 2507 quornm
1067 2423 1181 2507 primo
1204 2426 1314 2488 status
1336 2421 1396 2486 1111
1420 2419 1532 2486 animi

297 2531 510 2616 designatur,
537 2551 604 2617 quo
623 2552 743 2598 sensus
766 2533 881 2598 subito
898 2533 1046 2618 quodam
1069 2533 1257 2598 infortunio
1272 2532 1389 2597 audito
1409 2532 1532 2597 visove

297 2643 449 2708 animum
477 2642 619 2708 deficere
652 2643 769 2708 solent.
816 2644 989 2724 Alterum,
1023 2664 1102 2708 cum
1135 2663 1176 2708 cx
1202 2644 1268 2708 hoc
1297 2645 1416 2709 nostro
1452 2641 1530 2706 loco

296 2758 456 2840 corrupto
490 2755 660 2820 enucleari
686 2758 843 2839 nequeat,
880 2755 1054 2820 similibus
1080 2754 1166 2819 locis
1193 2754 1402 2838 investigare
1429 2773 1531 2818 conc-

295 2885 380 2930 mur.
429 2866 485 2931 Ex
511 2867 669 2932 omnibus
696 2867 806 2952 poetis
834 2886 940 2931 unum
970 2866 1133 2932 Ovidium
1160 2865 1311 2930 maxime
1338 2865 1436 2930 iuvat
1463 2866 1530 2930 hoc

299 2975 439 3043 affectus
463 2978 647 3044 discrimen
670 2981 828 3043 accurate
850 2978 1001 3043 definire.
1047 2977 1102 3042 Ita
1117 2977 1197 3041 Met.
1213 2977 1280 3056 IX,
1298 2978 1376 3043 581:

940 3145 1032 3218 palles
1055 3144 1165 3216 audita,
1187 3143 1284 3216 Bybli,
1307 3143 1425 3218 repulsa

501 3248 543 3306 Et
563 3253 650 3322 pavet
672 3248 821 3306 obsessum
844 3248 962 3321 glaciali
983 3247 1092 3322 frigore
1115 3264 1230 3322 corpus.

503 3351 588 3408 Mens
611 3356 709 3409 tamen
731 3356 764 3408 ut
785 3350 883 3424 rediit,
906 3352 1019 3424 pariter
1039 3350 1154 3409 redicre
1175 3349 1319 3407 furores«

295 3507 336 3572 cf.
361 3507 440 3572 Met.
464 3507 522 3587 VI,
536 3511 597 3574 527
610 3527 689 3593 sqq3
712 3509 752 3586 V,
766 3512 828 3574 510
841 3526 920 3592 sqq3
943 3507 1035 3572 Fast.
1058 3507 1122 3589 III,
1139 3510 1198 3574 331
1214 3525 1292 3590 sqq3
1315 3505 1355 3585 V,
1371 3510 1432 3572 114
1448 3525 1526 3591 sqq3

298 3617 379 3683 Her.
402 3619 446 3700 X,
463 3622 501 3686 31
519 3638 592 3704 sqq.

381 3756 514 3838 Quibus
537 3755 701 3841 exemplis
725 3754 840 3820 allatis
864 3757 979 3840 aperte
1001 3753 1293 3820 eruiturdolorcm
1305 3751 1526 3818 maloaudito

293 3867 410 3932 visove
442 3887 512 3932 non
539 3867 608 3933 nisi
629 3866 810 3931 intervallo
844 3866 993 3951 quodam
1014 3865 1216 3951 interposito
1243 3865 1288 3929 ad
1310 3882 1430 3930 sensus
1451 3881 1527 3948 per-

293 3977 409 4042 venire
432 3980 464 4042 et
484 3978 548 4044 illa
570 3979 636 4043 duo
659 3981 832 4043 momenta
853 3977 1048 4043 indulcatae
1070 3981 1103 4041 et
1116 3976 1231 4043 dolatu
1246 3976 1289 4041 ab
1305 3975 1431 4040 Ouidio
1447 3973 1526 4039 sub·

293 4088 401 4154 tiliter
416 4089 589 4155 disiuncta
610 4108 692 4155 esse.
738 4088 858 4173 Itaque
880 4092 996 4154 noster
1017 4088 1113 4153 locus
1136 4088 1187 4152 sic
1209 4086 1441 4152 emendandus
1465 4086 1524 4162 est,

293 4203 332 4265 ut
365 4200 546 4266 exsultatio
580 4199 718 4279 doloris,
752 4200 812 4285 qui
848 4199 962 4263 adhuc
994 4197 1114 4263 effectu
1136 4198 1283 4279 carebat,
1318 4197 1524 4281 designetur.

297 4310 394 4376 Unde
416 4314 566 4396 apparet,
591 4331 693 4396 quam
715 4311 837 4375 infelix
859 4312 893 4374 et
914 4309 1031 4394 inepta
1053 4310 1099 4375 sit
1120 4309 1301 4374 Harleiani
1322 4308 1403 4374 libri
1424 4306 1524 4372 lectio

298 4440 354 4501 „se
376 4421 580 4498 imminuit“,
614 4442 717 4508 quam
741 4420 898 4487 nonnulli
919 4420 1161 4507 praetulerimt.
1205 4421 1294 4485 Nam
1317 4417 1425 4498 dolor,
1449 4435 1525 4482 cum
